@ARTICLE{1985A&A...149..135M,
   author = {{Monaghan}, J.~J. and {Lattanzio}, J.~C.},
    title = "{A refined particle method for astrophysical problems}",
  journal = {\aap},
     year = 1985,
    month = aug,
   volume = 149,
    pages = {135},
   adsurl =
{http://adsabs.harvard.edu/cgi-bin/nph-bib_query?bibcode=1985A%26A...149..135M&db_key=AST},
  adsnote = {Provided by the NASA Astrophysics Data System}
}


@ARTICLE{2012MNRAS.425.1068D,
   author = {{Dehnen}, W. and {Aly}, H.},
    title = "{Improving convergence in smoothed particle hydrodynamics simulations without pairing instability}",
  journal = {\mnras},
archivePrefix = "arXiv",
   eprint = {1204.2471},
 primaryClass = "astro-ph.IM",
 keywords = {hydrodynamics, methods: numerical },
     year = 2012,
    month = sep,
   volume = 425,
    pages = {1068-1082},
      doi = {10.1111/j.1365-2966.2012.21439.x},
   adsurl = {http://adsabs.harvard.edu/abs/2012MNRAS.425.1068D},
  adsnote = {Provided by the SAO/NASA Astrophysics Data System}
}

@settings{label, options="nameyear"}


@article{1994Icar..107...98B,
   author = {{Benz}, W. and {Asphaug}, E.},
    title = "{Impact simulations with fracture. I - Method and tests}",
  journal = {Icarus},
     year = 1994,
    month = jan,
   volume = 107,
    pages = {98},
   adsurl =
{http://esoads.eso.org/cgi-bin/nph-bib_query?bibcode=1994Icar..107...98B&db_key=AST},
  adsnote = {Provided by the NASA Astrophysics Data System}
}

@article{benz:1995,
    author = {{Benz}, W. and {Asphaug}, E.},
    title = {Simulations of brittle solids using smooth particle hydrodynamics},
    year = 1995,
    journal = {Computer Physics Communications},
    pages = {253},
    volume = 87
}   


@book{burtscher:2011,
    author = {{Burtscher}, M.},
    editor = {{Hwu}, W.},
    year = 2011,
    title = {GPU Computing Gems Emerald Edition},
    published = "Elsevier",
}


@ARTICLE{2013AN....334..996M,
   author = {{Maindl}, T.~I. and {Sch{\"a}fer}, C. and {Speith}, R. and {S{\"u}li}, {\'A}. and 
	{Forg{\'a}cs-Dajka}, E. and {Dvorak}, R.},
    title = "{SPH-based simulation of multi-material asteroid collisions}",
  journal = {Astronomische Nachrichten},
archivePrefix = "arXiv",
   eprint = {1306.6587},
 primaryClass = "astro-ph.EP",
 keywords = {celestial mechanics, stellar dynamics, equation of state, hydrodynamics, methods: numerical, minor planets, asteroids, solar system: formation},
     year = 2013,
    month = nov,
   volume = 334,
    pages = {996},
      doi = {10.1002/asna.201311979},
   adsurl = {http://adsabs.harvard.edu/abs/2013AN....334..996M},
  adsnote = {Provided by the SAO/NASA Astrophysics Data System}
}


@ARTICLE{2004A&A...418..325S,
   author = {{Sch{\"a}fer}, C. and {Speith}, R. and {Hipp}, M. and {Kley}, W.
	},
    title = "{Simulations of planet-disc interactions using Smoothed Particle Hydrodynamics}",
  journal = {\aap},
   eprint = {astro-ph/0401425},
 keywords = {accretion, accretion discs, hydrodynamics, methods: numerical, stars: formation, stars: planetary systems},
     year = 2004,
    month = apr,
   volume = 418,
    pages = {325-335},
      doi = {10.1051/0004-6361:20034034},
   adsurl = {http://adsabs.harvard.edu/abs/2004A%26A...418..325S},
  adsnote = {Provided by the SAO/NASA Astrophysics Data System}
}



@ARTICLE{1977MNRAS.181..375G,
   author = {{Gingold}, R.~A. and {Monaghan}, J.~J.},
    title = "{Smoothed particle hydrodynamics - Theory and application to non-spherical stars}",
  journal = {\mnras},
 keywords = {Hydrodynamics, Particle Theory, Stellar Models, Astrophysics, Stellar Rotation, Stellar Structure},
     year = 1977,
    month = nov,
   volume = 181,
    pages = {375-389},
   adsurl = {http://adsabs.harvard.edu/abs/1977MNRAS.181..375G},
  adsnote = {Provided by the SAO/NASA Astrophysics Data System}
}

@ARTICLE{1992ARA&A..30..543M,
   author = {{Monaghan}, J.~J.},
    title = "{Smoothed particle hydrodynamics}",
  journal = {\araa},
 keywords = {Computational Fluid Dynamics, Finite Difference Theory, Hydrodynamics, Kernel Functions, Particle Energy, Particle Mass, Angular Momentum, Partial Differential Equations, Particle In Cell Technique, Pressure Gradients},
     year = 1992,
   volume = 30,
    pages = {543-574},
      doi = {10.1146/annurev.aa.30.090192.002551},
   adsurl = {http://adsabs.harvard.edu/abs/1992ARA%26A..30..543M},
  adsnote = {Provided by the SAO/NASA Astrophysics Data System}
}


@INPROCEEDINGS{1990nmns.work..269B,
   author = {{Benz}, W.},
    title = "{Smooth Particle Hydrodynamics - a Review}",
booktitle = {Numerical Modelling of Nonlinear Stellar Pulsations Problems and Prospects},
     year = 1990,
   editor = {{Buchler}, J.~R.},
    pages = {269},
   adsurl = {http://adsabs.harvard.edu/abs/1990nmns.work..269B},
  adsnote = {Provided by the SAO/NASA Astrophysics Data System}
}

@inproceedings{tingxing:2015,
    title = "{A Step towards Energy Efficient Computing: Redesigning a Hydrodynamic Application on CPU-GPU}",
    author = {{Tingxing}, D. and {Dobrev}, V. and {Kolev}, T. and {Rieben}, R. and {Tomov} S. and {Dongarra} J.},
    booktitle = {Parallel and Distributed Processing Symposium, IEEE 28th International},
    year = 2014,
}

@article{gray:2001,
	author = {{Gray}, J.~P. and {Monaghan}, J.~J. and {Swift}, R.~P.},
	title = "{SPH elastic dynamics}",
	year = 2001,
	journal = {\cmame},
	volume = 190,
	pages = {6641-6662}
}


@article{monaghan:2000,
	author = {{Monaghan}, J.~J.},
	title = "{SPH without a tensile instabiliy}",
	year = 2000,
	volume = 159,
	journal = {\jcp},
	pages = {290}
}


@ARTICLE{2014ApJS..214...12K,
   author = {{Kulikov}, I.},
    title = "{GPUPEGAS: A New GPU-accelerated Hydrodynamic Code for Numerical Simulations of Interacting Galaxies}",
  journal = {\apjs},
 keywords = {galaxies: interactions, gravitation, hydrodynamics, methods: numerical},
     year = 2014,
    month = sep,
   volume = 214,
      eid = {12},
    pages = {12},
      doi = {10.1088/0067-0049/214/1/12},
   adsurl = {http://adsabs.harvard.edu/abs/2014ApJS..214...12K},
  adsnote = {Provided by the SAO/NASA Astrophysics Data System}
}


@ARTICLE{2012JCoPh.231.2825B,
   author = {{B{\'e}dorf}, J. and {Gaburov}, E. and {Portegies Zwart}, S.
	},
    title = "{A sparse octree gravitational N-body code that runs entirely on the GPU processor}",
  journal = {Journal of Computational Physics},
archivePrefix = "arXiv",
   eprint = {1106.1900},
 primaryClass = "astro-ph.IM",
     year = 2012,
    month = apr,
   volume = 231,
    pages = {2825-2839},
      doi = {10.1016/j.jcp.2011.12.024},
   adsurl = {http://adsabs.harvard.edu/abs/2012JCoPh.231.2825B},
  adsnote = {Provided by the SAO/NASA Astrophysics Data System}
}


@ARTICLE{1989ApJS...70..389B,
   author = {{Barnes}, J.~E. and {Hut}, P.},
    title = "{Error analysis of a tree code}",
  journal = {\apjs},
 keywords = {Computational Astrophysics, Error Analysis, Many Body Problem, Trees (Mathematics), Accuracy, Celestial Mechanics, Gravitational Effects},
     year = 1989,
    month = jun,
   volume = 70,
    pages = {389-417},
      doi = {10.1086/191343},
   adsurl = {http://adsabs.harvard.edu/abs/1989ApJS...70..389B},
  adsnote = {Provided by the SAO/NASA Astrophysics Data System}
}

@ARTICLE{1986Natur.324..446B,
   author = {{Barnes}, J. and {Hut}, P.},
    title = "{A hierarchical O(N log N) force-calculation algorithm}",
  journal = {\nat},
 keywords = {Computational Astrophysics, Many Body Problem, Numerical Integration, Stellar Motions, Algorithms, Hierarchies},
     year = 1986,
    month = dec,
   volume = 324,
    pages = {446-449},
      doi = {10.1038/324446a0},
   adsurl = {http://adsabs.harvard.edu/abs/1986Natur.324..446B},
  adsnote = {Provided by the SAO/NASA Astrophysics Data System}
}

@article{grady:1980,
	author = {{Grady}, D.~E. and {Kipp}, M.~E.},
	year = 1980,
 	title = "{Continuum modelling of explosive fracture in oil shale}",
	journal = {Int.~J.~Rock~Mech.~Min.~Sci.~Geomech.~Abstr.},
	pages = {147},
	volume = 17
}

@article{weibull:1939,
	author = {{Weibull}, W.~A.},
	title = "{A statistical theory of the strength of materials
	[translated]}",
	year = 1939,
	volume = 151,
	pages = {5},
	journal = {Ingvetensk.~Akad.~Handl.}
}



@article{lucy:1977,
	author = {{Lucy}, L.~B.},
	title = "{A numerical approach to the testing of the fission hypothesis}",
	journal = {\aj},
	volume = {82},
	year = {1977},
	pages = {10134}
}	


@ARTICLE{2003A&A...399..395S,
   author = {{Speith}, R. and {Kley}, W.},
    title = "{Stability of the viscously spreading ring}",
  journal = {\aap},
     year = 2003,
    month = feb,
   volume = 399,
    pages = {395},
   adsurl =
{http://adsabs.harvard.edu/cgi-bin/nph-bib_query?bibcode=2003A%26A...399..395S&db_key=AST},
  adsnote = {Provided by the NASA Astrophysics Data System}
}



@Article{hernquist:1989,
        author = {{Hernquist}, L. and {Katz}, N.},
        title = {TREESPH: A unification of SPH with the
                Hierarchical Tree Method},
        journal = {\apjs},
        year = 1989,
        volume = 70,
        pages = {419}
}


@ARTICLE{2008Icar..198..242J,
   author = {{Jutzi}, M. and {Benz}, W. and {Michel}, P.},
    title = "{Numerical simulations of impacts involving porous bodies. I. Implementing sub-resolution porosity in a 3D SPH hydrocode}",
  journal = {\icarus},
archivePrefix = "arXiv",
   eprint = {0807.1264},
     year = 2008,
    month = nov,
   volume = 198,
    pages = {242-255},
      doi = {10.1016/j.icarus.2008.06.013},
   adsurl = {http://adsabs.harvard.edu/abs/2008Icar..198..242J},
  adsnote = {Provided by the SAO/NASA Astrophysics Data System}
}


@ARTICLE{2009Icar..201..802J,
   author = {{Jutzi}, M. and {Michel}, P. and {Hiraoka}, K. and {Nakamura}, A.~M. and 
	{Benz}, W.},
    title = "{Numerical simulations of impacts involving porous bodies. II. Comparison with laboratory experiments}",
  journal = {\icarus},
     year = 2009,
    month = jun,
   volume = 201,
    pages = {802-813},
      doi = {10.1016/j.icarus.2009.01.018},
   adsurl = {http://adsabs.harvard.edu/abs/2009Icar..201..802J},
  adsnote = {Provided by the SAO/NASA Astrophysics Data System}
}


@ARTICLE{2007A&A...470..733S,
   author = {{Sch{\"a}fer}, C. and {Speith}, R. and {Kley}, W.},
    title = "{Collisions between equal-sized ice grain agglomerates}",
  journal = {\aap},
archivePrefix = "arXiv",
   eprint = {0705.2672},
 keywords = {planetary systems: formation, planetary systems:, protoplanetary disks},
     year = 2007,
    month = aug,
   volume = 470,
    pages = {733-739},
      doi = {10.1051/0004-6361:20077354},
   adsurl = {http://adsabs.harvard.edu/abs/2007A%26A...470..733S},
  adsnote = {Provided by the SAO/NASA Astrophysics Data System}
}


@ARTICLE{1979ApJ...234..289B,
   author = {{Boss}, A.~P. and {Bodenheimer}, P.},
    title = "{Fragmentation in a rotating protostar - A comparison of two three-dimensional computer codes}",
  journal = {\apj},
 keywords = {Computer Programs, Gravitational Collapse, Hydrodynamics, Mathematical Models, Protostars, Stellar Evolution, Binary Stars, Fragmentation, Pressure Effects, Stellar Gravitation, Stellar Rotation},
     year = 1979,
    month = nov,
   volume = 234,
    pages = {289-295},
      doi = {10.1086/157497},
   adsurl = {http://adsabs.harvard.edu/abs/1979ApJ...234..289B},
  adsnote = {Provided by the SAO/NASA Astrophysics Data System}
}


@book{melosh1996impact,
  title={Impact Cratering: A Geologic Process},
  author={Melosh, H.J.},
  isbn={9780195104639},
  lccn={88005353},
  series={Oxford monographs on geology and geophysics},
  year={1996},
  publisher={Oxford University Press}
}




@article{swegle:1992,
    author = {{Swegle}, J.~W.},
    title = "{SPH Behaviour in Tension}",
    year = 1992,
    journal = {Memo, Sandia National Laboratory}
}

@article{Monaghan85a,
   author = {Monaghan,J.J. and Lattanzio,J.C.},
   journal = {\aap},
   pages = {135--143},
   title = {{A Refined Method for Astrophysical Problems}},
   volume = {149},
   year = {1985}
}


@ARTICLE{bate:1997,
   author = {{Bate}, M.~R. and {Burkert}, A.},
    title = "{Resolution requirements for smoothed particle hydrodynamics calculations with self-gravity}",
  journal = {\mnras},
 keywords = {HYDRODYNAMICS, METHODS: NUMERICAL, BINARIES: CLOSE, STARS: FORMATION, GALAXIES: FORMATION, LARGE-SCALE STRUCTURE OF UNIVERSE.},
     year = 1997,
    month = jul,
   volume = 288,
    pages = {1060--1072},
   adsurl = {http://adsabs.harvard.edu/abs/1997MNRAS.288.1060B},
  adsnote = {Provided by the SAO/NASA Astrophysics Data System}
}

@book{prater1970hypervelocity,
  title={Hypervelocity Impact: Material Strength Effects on Crater Formation and Shock Propagation in Three Aluminum Alloys},
  author={Prater, R.F.},
  url={https://books.google.de/books?id=esSwSgAACAAJ},
  year={1970},
  publisher={Air Force Institute of Technology.}
}

@article{monaghan:1989,
        author = {{Monaghan}, J.~J.},
        title = "{On the Problem of Penetration in Particle Methods}",
        journal = {\jcp},
        year = 1989,
        volume = 82,
        pages = {1}
}

@article{monaghan:1983,
    author = {{Monaghan}, J.~J. and {Gingold}, R.~A.},
    title = {Shock Simulations by the Particle Method SPH},
    journal = {\jcp},
    volume = 52,
    pages = {374},
    year = 1983
}

@article{randles:1996,
	author = {{Randles}, P.~W. and {Libersky}, L.~D.},
	title = "{Smoothed Particle Hydrodynamics: Some recent improvements and applications}",
	year = 1996,
	volume = 139,
	journal = {\cmame},
	pages = {375}
}

@article{libersky:1997,
	author = {{Libersky}, L.~D. and {Randles}, P.~W. and {Carney},
	T.~C. and {Dickinson}, D.~L.},
	title = {Recent improvements in SPH modeling of hypervelocity
	impact},
	journal = {\ijie},
	volume = 20,
	year = 1997,
	pages = {525}
}


@ARTICLE{2007JGRE..112.2001N,
   author = {{Nakamura}, A.~M. and {Michel}, P. and {Setoh}, M.},
    title = "{Weibull parameters of Yakuno basalt targets used in documented high-velocity impact experiments}",
  journal = {Journal of Geophysical Research (Planets)},
 keywords = {Physical Properties of Rocks: Fracture and flow, Planetary Sciences: Solid Surface Planets: Impact
phenomena, cratering (6022, 8136), Planetary Sciences: Comets and Small Bodies: Impact phenomena (5420, 8136)},
     year = 2007,
    month = feb,
   volume = 112,
      eid = {E02001},
    pages = {2001},
      doi = {10.1029/2006JE002757},
   adsurl = {http://adsabs.harvard.edu/abs/2007JGRE..112.2001N},
  adsnote = {Provided by the SAO/NASA Astrophysics Data System}
}

@ONLINE{libconfig,
author = {Mark Lindner},
title = {libconfig{@ONLINE}},
month = oct,
year = {2015},
url = {http://www.hyperrealm.com/libconfig}
}


@ARTICLE{1989ApJS...70..419H,
   author = {{Hernquist}, L. and {Katz}, N.},
    title = "{TREESPH - A unification of SPH with the hierarchical tree method}",
  journal = {\apjs},
 keywords = {Computational Fluid Dynamics, Computerized Simulation, Data Smoothing, Magnetohydrodynamics, Trees (Mathematics), Dynamical Systems, Many Body Problem, Monte Carlo Method, Spatial Resolution},
     year = 1989,
    month = jun,
   volume = 70,
    pages = {419-446},
      doi = {10.1086/191344},
   adsurl = {http://adsabs.harvard.edu/abs/1989ApJS...70..419H},
  adsnote = {Provided by the SAO/NASA Astrophysics Data System}
}




@phdthesis{speith:1998,
	author = {{Speith}, R.},
	year = 1998,
	title = {Untersuchung von Smoothed Particle Hydrodynamics anhand
	astrophysikalischer Beispiele},
	school = {Eberhard-Karls Universit{\"a}t T{\"u}bingen}
}


@Article{Hunter:2007,
  Author    = {Hunter, J. D.},
  Title     = {Matplotlib: A 2D graphics environment},
  Journal   = {Computing In Science \& Engineering},
  Volume    = {9},
  Number    = {3},
  Pages     = {90--95},
  abstract  = {Matplotlib is a 2D graphics package used for Python
  for application development, interactive scripting, and
  publication-quality image generation across user
  interfaces and operating systems.},
  publisher = {IEEE COMPUTER SOC},
  year      = 2007
}



@incollection{libersky:1991,
year={1991},
booktitle={Advances in the Free-Lagrange Method Including Contributions on Adaptive Gridding and the Smooth Particle Hydrodynamics Method},
volume={395},
series={Lecture Notes in Physics},
editor={Trease, HaroldE. and Fritts, MartinF. and Crowley, W.Patrick},
title={Smooth particle hydrodynamics with strength of materials},
author={Libersky, Larry D. and Petschek, A.G.},
pages={248-257}
}


@book{abramowitz1964handbook,
  title={Handbook of Mathematical Functions: With Formulas, Graphs, and Mathematical Tables},
  author={Abramowitz, M. and Stegun, I.A.},
  isbn={9780486612720},
  lccn={lc65012253},
  series={Applied mathematics series},
  url={https://books.google.de/books?id=MtU8uP7XMvoC},
  year={1964},
  publisher={Dover Publications}
}


@book{Butcher:1987,
 author = {Butcher, J. C.},
 title = {The Numerical Analysis of Ordinary Differential Equations: Runge-Kutta and General Linear Methods},
 year = {1987},
 isbn = {0-471-91046-5},
 publisher = {Wiley-Interscience},
 address = {New York, NY, USA},
} 


@ARTICLE{2008M&PS...43.1917P,
   author = {{Pierazzo}, E. and {Artemieva}, N. and {Asphaug}, E. and {Baldwin}, E.~C. and 
	{Cazamias}, J. and {Coker}, R. and {Collins}, G.~S. and {Crawford}, D.~A. and 
	{Davison}, T. and {Elbeshausen}, D. and {Holsapple}, K.~A. and 
	{Housen}, K.~R. and {Korycansky}, D.~G. and {W{\"u}nnemann}, K.
	},
    title = "{Validation of numerical codes for impact and explosion cratering: Impacts on strengthless and metal targets}",
    journal = {Meteoritics and Planetary Science},
     year = 2008,
    month = dec,
   volume = 43,
    pages = {1917-1938}
}

@ARTICLE{agnasp04,
   author = {{Agnor}, C. and {Asphaug}, E.},
    title = "{Accretion Efficiency during Planetary Collisions}",
  journal = {\apjl},
 keywords = {Accretion, Accretion Disks, Planets and Satellites: Formation, Solar System: Formation},
     year = 2004,
    month = oct,
   volume = 613,
    pages = {L157-L160},
      doi = {10.1086/425158},
   adsurl = {http://adsabs.harvard.edu/abs/2004ApJ...613L.157A},
  adsnote = {Provided by the SAO/NASA Astrophysics Data System}
}

@ARTICLE{agncan99,
   author = {{Agnor}, C.~B. and {Canup}, R.~M. and {Levison}, H.~F.},
    title = "{On the Character and Consequences of Large Impacts in the Late Stage of Terrestrial Planet Formation}",
  journal = {\icarus},
     year = 1999,
    month = nov,
   volume = 142,
    pages = {219-237},
      doi = {10.1006/icar.1999.6201},
   adsurl = {http://adsabs.harvard.edu/abs/1999Icar..142..219A},
  adsnote = {Provided by the SAO/NASA Astrophysics Data System}
}

@ARTICLE{ahr93,
   author = {{Ahrens}, T.~J.},
    title = "{Impact erosion of terrestrial planetary atmospheres}",
  journal = {Annual Review of Earth and Planetary Sciences},
 keywords = {Collisions, Comets, Erosion, Impact Damage, Nebulae, Planetary Atmospheres, Planetary Evolution, Protoplanets, Terrestrial Planets, Interplanetary Dust, Shock Waves, Size Distribution},
     year = 1993,
   volume = 21,
    pages = {525-555},
      doi = {10.1146/annurev.ea.21.050193.002521},
   adsurl = {http://adsabs.harvard.edu/abs/1993AREPS..21..525A},
  adsnote = {Provided by the SAO/NASA Astrophysics Data System}
}

@ARTICLE{aleagn98,
   author = {{Alexander}, S.~G. and {Agnor}, C.~B.},
    title = "{N-Body Simulations of Late Stage Planetary Formation with a Simple Fragmentation Model}",
  journal = {\icarus},
     year = 1998,
    month = mar,
   volume = 132,
    pages = {113-124},
      doi = {10.1006/icar.1998.5905},
   adsurl = {http://adsabs.harvard.edu/abs/1998Icar..132..113A},
  adsnote = {Provided by the SAO/NASA Astrophysics Data System}
}

@ARTICLE{asp09,
   author = {{Asphaug}, E.},
    title = "{Growth and Evolution of Asteroids}",
  journal = {Annual Review of Earth and Planetary Sciences},
     year = 2009,
    month = may,
   volume = 37,
    pages = {413-448},
      doi = {10.1146/annurev.earth.36.031207.124214},
   adsurl = {http://adsabs.harvard.edu/abs/2009AREPS..37..413A},
  adsnote = {Provided by the SAO/NASA Astrophysics Data System}
}

@ARTICLE{asp10,
   author = {{Asphaug}, E.},
    title = "{Similar-sized collisions and the diversity of planets}",
  journal = {Chemie der Erde / Geochemistry},
     year = 2010,
   volume = 70,
    pages = {199-219},
      doi = {10.1016/j.chemer.2010.01.004},
   adsurl = {http://adsabs.harvard.edu/abs/2010ChEG...70..199A},
  adsnote = {Provided by the SAO/NASA Astrophysics Data System}
}

@ARTICLE{baeche08,
   author = {{Baer}, J. and {Chesley}, S.~R.},
    title = "{Astrometric masses of 21 asteroids, and an integrated asteroid ephemeris}",
  journal = {Celestial Mechanics and Dynamical Astronomy},
 keywords = {N-body, Asteroid, Ephemerides, Asteroid masses, Astrometric masses, Asteroid porosity},
     year = 2008,
    month = jan,
   volume = 100,
    pages = {27-42},
      doi = {10.1007/s10569-007-9103-8},
   adsurl = {http://adsabs.harvard.edu/abs/2008CeMDA.100...27B},
  adsnote = {Provided by the SAO/NASA Astrophysics Data System}
}

@ARTICLE{bendur12,
   author = {{Benavidez}, P.~G. and {Durda}, D.~D. and {Enke}, B.~L. and 
	{Bottke}, W.~F. and {Nesvorn{\'y}}, D. and {Richardson}, D.~C. and 
	{Asphaug}, E. and {Merline}, W.~J.},
    title = "{A comparison between rubble-pile and monolithic targets in impact simulations: Application to asteroid satellites and family size distributions}",
  journal = {\icarus},
     year = 2012,
    month = may,
   volume = 219,
    pages = {57-76},
      doi = {10.1016/j.icarus.2012.01.015},
   adsurl = {http://adsabs.harvard.edu/abs/2012Icar..219...57B},
  adsnote = {Provided by the SAO/NASA Astrophysics Data System}
}

@ARTICLE{benasp94,
   author = {{Benz}, W. and {Asphaug}, E.},
    title = "{Impact simulations with fracture. I - Method and tests}",
  journal = {\icarus},
 keywords = {SOLAR SYSTEM EVOLUTION, HYPERVELOCITY IMPACT, METEORITE COLLISIONS, CONTINUUM MODELING, CELESTIAL BODIES, CRACKING (FRACTURING), PLANETARY EVOLUTION, ASTEROIDS, CRACK PROPAGATION, FLUID DYNAMICS, ELASTODYNAMICS},
     year = 1994,
    month = jan,
   volume = 107,
    pages = {98},
      doi = {10.1006/icar.1994.1009},
   adsurl = {http://adsabs.harvard.edu/abs/1994Icar..107...98B},
  adsnote = {Provided by the SAO/NASA Astrophysics Data System}
}

@ARTICLE{benasp95,
   author = {{Benz}, W. and {Asphaug}, E.},
    title = "{Simulations of brittle solids using smooth particle hydrodynamics}",
  journal = {Computer Physics Communications},
     year = 1995,
    month = may,
   volume = 87,
    pages = {253-265},
      doi = {10.1016/0010-4655(94)00176-3},
   adsurl = {http://adsabs.harvard.edu/abs/1995CoPhC..87..253B},
  adsnote = {Provided by the SAO/NASA Astrophysics Data System}
}

@ARTICLE{benasp99,
   author = {{Benz}, W. and {Asphaug}, E.},
    title = "{Catastrophic Disruptions Revisited}",
  journal = {\icarus},
   eprint = {arXiv:astro-ph/9907117},
     year = 1999,
    month = nov,
   volume = 142,
    pages = {5-20},
      doi = {10.1006/icar.1999.6204},
   adsurl = {http://adsabs.harvard.edu/abs/1999Icar..142....5B},
  adsnote = {Provided by the SAO/NASA Astrophysics Data System}
}

@ARTICLE{bodkel11,
   author = {{Bodewits}, D. and {Kelley}, M.~S. and {Li}, J.-Y. and {Landsman}, W.~B. and 
	{Besse}, S. and {A'Hearn}, M.~F.},
    title = "{Collisional Excavation of Asteroid (596) Scheila}",
  journal = {\apjl},
archivePrefix = "arXiv",
   eprint = {1104.5227},
 primaryClass = "astro-ph.EP",
 keywords = {minor planets, asteroids: individual: (596) Scheila, ultraviolet: planetary systems},
     year = 2011,
    month = may,
   volume = 733,
      eid = {L3},
    pages = {L3},
      doi = {10.1088/2041-8205/733/1/L3},
   adsurl = {http://adsabs.harvard.edu/abs/2011ApJ...733L...3B},
  adsnote = {Provided by the SAO/NASA Astrophysics Data System}
}

@ARTICLE{botnol94,
   author = {{Bottke}, W.~F. and {Nolan}, M.~C. and {Greenberg}, R. and {Kolvoord}, R.~A.
	},
    title = "{Velocity distributions among colliding asteroids}",
  journal = {\icarus},
 keywords = {Asteroids, Collision Parameters, Hypervelocity Impact, Velocity Distribution, Astronomical Models, Computational Astrophysics, Kepler Laws, Probability Distribution Functions, ASTEROIDS, VELOCITY, DISTRIBUTION, COLLISIONS, TECHNIQUES, ORBIT, GEOMETRY, ASTEROID BELT, COMPARISON, IMPACTS, CALCULATIONS, SPIN, PARAMETERS, ASTEROID FAMILIES, LIFETIME, EVOLUTION, ROTATION, GASPRA, IDA, PALLAS},
     year = 1994,
    month = feb,
   volume = 107,
    pages = {255-268},
      doi = {10.1006/icar.1994.1021},
   adsurl = {http://adsabs.harvard.edu/abs/1994Icar..107..255B},
  adsnote = {Provided by the SAO/NASA Astrophysics Data System}
}

@ARTICLE{brasic14,
   author = {{Braga-Ribas}, F. and {Sicardy}, B. and {Ortiz}, J.~L. and {Snodgrass}, C. and 
	{Roques}, F. and {Vieira-Martins}, R. and {Camargo}, J.~I.~B. and 
	{Assafin}, M. and {Duffard}, R. and {Jehin}, E. and {Pollock}, J. and 
	{Leiva}, R. and {Emilio}, M. and {Machado}, D.~I. and {Colazo}, C. and 
	{Lellouch}, E. and {Skottfelt}, J. and {Gillon}, M. and {Ligier}, N. and 
	{Maquet}, L. and {Benedetti-Rossi}, G. and {Gomes}, A.~R. and 
	{Kervella}, P. and {Monteiro}, H. and {Sfair}, R. and {El Moutamid}, M. and 
	{Tancredi}, G. and {Spagnotto}, J. and {Maury}, A. and {Morales}, N. and 
	{Gil-Hutton}, R. and {Roland}, S. and {Ceretta}, A. and {Gu}, S.-H. and 
	{Wang}, X.-B. and {Harps{\o}e}, K. and {Rabus}, M. and {Manfroid}, J. and 
	{Opitom}, C. and {Vanzi}, L. and {Mehret}, L. and {Lorenzini}, L. and 
	{Schneiter}, E.~M. and {Melia}, R. and {Lecacheux}, J. and {Colas}, F. and 
	{Vachier}, F. and {Widemann}, T. and {Almenares}, L. and {Sandness}, R.~G. and 
	{Char}, F. and {Perez}, V. and {Lemos}, P. and {Martinez}, N. and 
	{J{\o}rgensen}, U.~G. and {Dominik}, M. and {Roig}, F. and {Reichart}, D.~E. and 
	{Lacluyze}, A.~P. and {Haislip}, J.~B. and {Ivarsen}, K.~M. and 
	{Moore}, J.~P. and {Frank}, N.~R. and {Lambas}, D.~G.},
    title = "{A ring system detected around the Centaur (10199) Chariklo}",
  journal = {\nat},
     year = 2014,
    month = apr,
   volume = 508,
    pages = {72-75},
      doi = {10.1038/nature13155},
   adsurl = {http://adsabs.harvard.edu/abs/2014Natur.508...72B},
  adsnote = {Provided by the SAO/NASA Astrophysics Data System}
}

@ARTICLE{canbar13,
   author = {{Canup}, R.~M. and {Barr}, A.~C. and {Crawford}, D.~A.},
    title = "{Lunar-forming impacts: High-resolution SPH and AMR-CTH simulations}",
  journal = {\icarus},
     year = 2013,
    month = jan,
   volume = 222,
    pages = {200-219},
      doi = {10.1016/j.icarus.2012.10.011},
   adsurl = {http://adsabs.harvard.edu/abs/2013Icar..222..200C},
  adsnote = {Provided by the SAO/NASA Astrophysics Data System}
}

@INPROCEEDINGS{canpie06,
   author = {{Canup}, R.~M. and {Pierazzo}, E.},
    title = "{Retention of Water During Planet-Scale Collisions}",
booktitle = {37th Annual Lunar and Planetary Science Conference},
     year = 2006,
   series = {Lunar and Planetary Inst. Technical Report},
   volume = 37,
   editor = {{Mackwell}, S. and {Stansbery}, E.},
    month = mar,
    pages = {2146},
   adsurl = {http://adsabs.harvard.edu/abs/2006LPI....37.2146C},
  adsnote = {Provided by the SAO/NASA Astrophysics Data System}
}

@ARTICLE{cel12,
   author = {{Celebonovic}, V.},
    title = "{Heating in Collisions of Solids: Possible Application to Impact Craters}",
  journal = {Serbian Astronomical Journal},
archivePrefix = "arXiv",
   eprint = {1202.2138},
 primaryClass = "astro-ph.EP",
 keywords = {planets and satellites: general},
     year = 2012,
    month = jun,
   volume = 184,
    pages = {83-86},
      doi = {10.2298/SAJ1284083C},
   adsurl = {http://adsabs.harvard.edu/abs/2012SerAJ.184...83C},
  adsnote = {Provided by the SAO/NASA Astrophysics Data System}
}

@ARTICLE{cel13,
   author = {{Celebonovic}, V.},
    title = "{Solid state physics of impact crater formation: further considerations}",
  journal = {\rmxaa},
archivePrefix = "arXiv",
   eprint = {1304.6043},
 primaryClass = "astro-ph.EP",
 keywords = {planets and satellites: interiors, planets and satellites: surfaces},
     year = 2013,
    month = oct,
   volume = 49,
    pages = {221-225},
   adsurl = {http://adsabs.harvard.edu/abs/2013RMxAA..49..221C},
  adsnote = {Provided by the SAO/NASA Astrophysics Data System}
}

@INPROCEEDINGS{celdel10,
   author = {{Cellino}, A. and {Dell'Oro}, A.},
    title = "{Asteroid Dynamical Families}",
booktitle = {Lecture Notes in Physics, Berlin Springer Verlag},
     year = 2010,
   series = {Lecture Notes in Physics, Berlin Springer Verlag},
   volume = 790,
   editor = {{Souchay}, J. and {Dvorak}, R.},
    month = mar,
    pages = {137-193},
      doi = {10.1007/978-3-642-04458-8\_3},
   adsurl = {http://adsabs.harvard.edu/abs/2010LNP...790..137C},
  adsnote = {Provided by the SAO/NASA Astrophysics Data System}
}

@ARTICLE{davdur02,
   author = {{Davis}, D.~R. and {Durda}, D.~D. and {Marzari}, F. and {Campo Bagatin}, A. and 
	{Gil-Hutton}, R.},
    title = "{Collisional Evolution of Small-Body Populations}",
  journal = {Asteroids III},
     year = 2002,
    pages = {545-558},
   adsurl = {http://adsabs.harvard.edu/abs/2002aste.conf..545D},
  adsnote = {Provided by the SAO/NASA Astrophysics Data System}
}

@ARTICLE{debbra07,
   author = {{Debaille}, V. and {Brandon}, A.~D. and {Yin}, Q.~Z. and {Jacobsen}, B.
	},
    title = "{Coupled $^{142}$Nd-$^{143}$Nd evidence for a protracted magma ocean in Mars}",
  journal = {\nat},
     year = 2007,
    month = nov,
   volume = 450,
    pages = {525-528},
      doi = {10.1038/nature06317},
   adsurl = {http://adsabs.harvard.edu/abs/2007Natur.450..525D},
  adsnote = {Provided by the SAO/NASA Astrophysics Data System}
}

@INPROCEEDINGS{dvoegg12,
   author = {{Dvorak}, R. and {Eggl}, S. and {S{\"u}li}, {\'A}. and {S{\'a}ndor}, Z. and 
	{Galiazzo}, M. and {Pilat-Lohinger}, E.},
    title = "{Water delivery in the early Solar System}",
booktitle = {American Institute of Physics Conference Series},
     year = 2012,
   series = {American Institute of Physics Conference Series},
   volume = 1468,
   editor = {{Robnik}, M. and {Romanovski}, V.~G.},
    month = aug,
    pages = {137-147},
      doi = {10.1063/1.4745576},
   adsurl = {http://adsabs.harvard.edu/abs/2012AIPC.1468..137D},
  adsnote = {Provided by the SAO/NASA Astrophysics Data System}
}

@INPROCEEDINGS{dvomai14,
   author = {{Dvorak}, R. and {Maindl}, T.~I.},
    title = "{Water transport in the early planetary system}",
 keywords = {planet formation, water transport  },
booktitle = {Habitable Worlds Across Time and Space, STScI Spring Symposium 2014},
     year = 2014,
    month = may,
    pages = {13P},
   adsurl = {http://adsabs.harvard.edu/abs/2014hwat.confP..13D},
  adsnote = {Provided by the SAO/NASA Astrophysics Data System}
}

@ARTICLE{dvomai15,
   author = {{Dvorak}, R. and {Maindl}, T.~I. and {Burger}, C. and {Sch{\"a}fer}, C. and 
	{Speith}, R.},
    title = "{Planetary Systems and the Formation of Habitable Planets}",
  journal = {ArXiv e-prints},
archivePrefix = "arXiv",
   eprint = {1502.02937},
 primaryClass = "astro-ph.EP",
 keywords = {Astrophysics - Earth and Planetary Astrophysics},
     year = 2015,
    month = feb,
   adsurl = {http://adsabs.harvard.edu/abs/2015arXiv150202937D},
  adsnote = {Provided by the SAO/NASA Astrophysics Data System}
}

@INPROCEEDINGS{eggdvo10,
   author = {{Eggl}, S. and {Dvorak}, R.},
    title = "{An Introduction to Common Numerical Integration Codes Used in Dynamical Astronomy}",
booktitle = {Lecture Notes in Physics, Berlin Springer Verlag},
     year = 2010,
   series = {Lecture Notes in Physics, Berlin Springer Verlag},
   volume = 790,
   editor = {{Souchay}, J. and {Dvorak}, R.},
    month = mar,
    pages = {431-480},
      doi = {10.1007/978-3-642-04458-8_9},
   adsurl = {http://adsabs.harvard.edu/abs/2010LNP...790..431E},
  adsnote = {Provided by the SAO/NASA Astrophysics Data System}
}

@INPROCEEDINGS{galsou11,
   author = {{Galiazzo}, M. and {Souami}, D. and {Souchay}, J.},
    title = "{The Vesta Asteroid Family: Study of the family and close encounters with terrestrial planets}",
booktitle = {EPSC-DPS Joint Meeting 2011},
     year = 2011,
    month = oct,
    pages = {495},
   adsurl = {http://adsabs.harvard.edu/abs/2011epsc.conf..495G},
  adsnote = {Provided by the SAO/NASA Astrophysics Data System}
}

@ARTICLE{genabe05,
   author = {{Genda}, H. and {Abe}, Y.},
    title = "{Enhanced atmospheric loss on protoplanets at the giant impact phase in the presence of oceans}",
  journal = {\nat},
     year = 2005,
    month = feb,
   volume = 433,
    pages = {842-844},
      doi = {10.1038/nature03360},
   adsurl = {http://adsabs.harvard.edu/abs/2005Natur.433..842G},
  adsnote = {Provided by the SAO/NASA Astrophysics Data System}
}

@ARTICLE{genkok12,
   author = {{Genda}, H. and {Kokubo}, E. and {Ida}, S.},
    title = "{Merging Criteria for Giant Impacts of Protoplanets}",
  journal = {\apj},
archivePrefix = "arXiv",
   eprint = {1109.4330},
 primaryClass = "astro-ph.EP",
 keywords = {accretion, accretion disks, hydrodynamics, planets and satellites: formation},
     year = 2012,
    month = jan,
   volume = 744,
      eid = {137},
    pages = {137},
      doi = {10.1088/0004-637X/744/2/137},
   adsurl = {http://adsabs.harvard.edu/abs/2012ApJ...744..137G},
  adsnote = {Provided by the SAO/NASA Astrophysics Data System}
}

@ARTICLE{gerspe11,
   author = {{Geretshauser}, R.~J. and {Speith}, R. and {Kley}, W.},
    title = "{Collisions of inhomogeneous pre-planetesimals}",
  journal = {\aap},
archivePrefix = "arXiv",
   eprint = {1110.6439},
 primaryClass = "astro-ph.EP",
 keywords = {hydrodynamics, methods: numerical, planets and satellites: dynamical evolution and stability, protoplanetary disks, planets and satellites: formation},
     year = 2011,
    month = dec,
   volume = 536,
      eid = {A104},
    pages = {A104},
      doi = {10.1051/0004-6361/201117645},
   adsurl = {http://adsabs.harvard.edu/abs/2011A%26A...536A.104G},
  adsnote = {Provided by the SAO/NASA Astrophysics Data System}
}

@ARTICLE{ginmon77,
   author = {{Gingold}, R.~A. and {Monaghan}, J.~J.},
    title = "{Smoothed particle hydrodynamics - Theory and application to non-spherical stars}",
  journal = {\mnras},
 keywords = {HYDRODYNAMICS, PARTICLE THEORY, STELLAR MODELS, ASTROPHYSICS, STELLAR ROTATION, STELLAR STRUCTURE},
     year = 1977,
    month = nov,
   volume = 181,
    pages = {375-389},
   adsurl = {http://adsabs.harvard.edu/abs/1977MNRAS.181..375G},
  adsnote = {Provided by the SAO/NASA Astrophysics Data System}
}

@ARTICLE{gomlev05,
   author = {{Gomes}, R. and {Levison}, H.~F. and {Tsiganis}, K. and {Morbidelli}, A.
	},
    title = "{Origin of the cataclysmic Late Heavy Bombardment period of the terrestrial planets}",
  journal = {\nat},
     year = 2005,
    month = may,
   volume = 435,
    pages = {466-469},
      doi = {10.1038/nature03676},
   adsurl = {http://adsabs.harvard.edu/abs/2005Natur.435..466G},
  adsnote = {Provided by the SAO/NASA Astrophysics Data System}
}

@article{grakip80,
title = {Continuum modelling of explosive fracture in oil shale},
journal = "{International Journal of Rock Mechanics and Mining Sciences \& Geomechanics Abstracts}",
volume = 17,
number = 3,
pages = {147-157},
year = 1980,
note = {},
issn = {0148-9062},
doi = "{http://dx.doi.org/10.1016/0148-9062(80)91361-3}",
url = "{http://www.sciencedirect.com/science/article/pii/0148906280913613}",
author = {{Grady}, D.~E. and {Kipp}, M.~E.}
}

@ARTICLE{guebaz13,
   author = {{G{\"u}del}, M. and {Bazs{\'o}}, {\'A}. and {Dorfi}, E. and 
	{Dvorak}, R. and {Fichtinger}, B. and {Forg{\'a}cs-Dajka}, E. and 
	{Joham}, H. and {Johnstone}, C. and {Khodachenko}, M. and {Kislyakova}, K. and 
	{Lammer}, H. and {L{\"u}ftinger}, T. and {Maindl}, T.~I. and 
	{Pilat-Lohinger}, E. and {S{\'a}ndor}, Z. and {Schiefer}, S.~C. and 
	{Steiner}, D. and {St{\"o}kl}, A. and {S{\"u}li}, {\'A}.},
    title = "{Pathways to Habitability (PatH): An Austrian National Research Network}",
  journal = {Bulletin SPG / SSP Vol 30, {\"O}PG Tagungsband Nr.~63, p.~127},
 keywords = {habitability, planet formation, atmospheres , planetary system  },
     year = 2013,
    month = sep,
   volume = 63,
    pages = {127},
   adsurl = {http://adsabs.harvard.edu/abs/2013BuSPG..63..127G},
  adsnote = {Provided by the SAO/NASA Astrophysics Data System}
}

@ARTICLE{hag09,
   author = {{Haghighipour}, N.},
    title = "{Dynamical constraints on the origin of Main Belt comets}",
  journal = {Meteoritics and Planetary Science},
archivePrefix = "arXiv",
   eprint = {0910.5746},
 primaryClass = "astro-ph.EP",
 keywords = {Asteroid, Minor Planets, Methods: N-body Simulation},
     year = 2009,
    month = jan,
   volume = 44,
    pages = {1863-1869},
      doi = {10.1111/j.1945-5100.2009.tb01995.x},
   adsurl = {http://adsabs.harvard.edu/abs/2009M%26PS...44.1863H},
  adsnote = {Provided by the SAO/NASA Astrophysics Data System}
}

@INPROCEEDINGS{hag10,
   author = {{Haghighipour}, N.},
    title = "{Dynamics, Origin, and Activation of Main Belt Comets}",
 keywords = {minor planets: asteroids, solar system: general, methods: n-body simulations},
booktitle = {IAU Symposium},
     year = 2010,
   series = {IAU Symposium},
   volume = 263,
archivePrefix = "arXiv",
   eprint = {0911.4154},
 primaryClass = "astro-ph.EP",
   editor = {{Fernandez}, J.~A. and {Lazzaro}, D. and {Prialnik}, D. and 
	{Schulz}, R.},
    pages = {207-214},
      doi = {10.1017/S1743921310001766},
   adsurl = {http://adsabs.harvard.edu/abs/2010IAUS..263..207H},
  adsnote = {Provided by the SAO/NASA Astrophysics Data System}
}

@ARTICLE{hagray07,
   author = {{Haghighipour}, N. and {Raymond}, S.~N.},
    title = "{Habitable Planet Formation in Binary Planetary Systems}",
  journal = {\apj},
   eprint = {astro-ph/0702706},
 keywords = {Stars: Binaries: Close, Celestial Mechanics, Stars: Planetary Systems, Planets and Satellites: Formation, Solar System: Formation},
     year = 2007,
    month = sep,
   volume = 666,
    pages = {436-446},
      doi = {10.1086/520501},
   adsurl = {http://adsabs.harvard.edu/abs/2007ApJ...666..436H},
  adsnote = {Provided by the SAO/NASA Astrophysics Data System}
}

@ARTICLE{hamabe05,
   author = {{Hamano}, K. and {Abe}, Y.},
    title = "{Impact Erosion of Atmospheres: Substantial Atmospheric Loss by Horizontal Atmospheric Excavation}",
  journal = {LPI Contributions},
     year = 2005,
   volume = 1273,
    pages = {46-47},
   adsurl = {http://adsabs.harvard.edu/abs/2005LPICo1273...46H},
  adsnote = {Provided by the SAO/NASA Astrophysics Data System}
}

@ARTICLE{han09,
   author = {{Hansen}, B.~M.~S.},
    title = "{Formation of the Terrestrial Planets from a Narrow Annulus}",
  journal = {\apj},
archivePrefix = "arXiv",
   eprint = {0908.0743},
 primaryClass = "astro-ph.EP",
 keywords = {planetary systems: formation, planets and satellites: individual: Earth Mars Mercury Venus, solar system: formation},
     year = 2009,
    month = sep,
   volume = 703,
    pages = {1131-1140},
      doi = {10.1088/0004-637X/703/1/1131},
   adsurl = {http://adsabs.harvard.edu/abs/2009ApJ...703.1131H},
  adsnote = {Provided by the SAO/NASA Astrophysics Data System}
}

@ARTICLE{handvo84,
   author = {{Hanslmeier}, A. and {Dvorak}, R.},
    title = "{Numerical Integration with Lie Series}",
  journal = {\aap},
     year = 1984,
    month = mar,
   volume = 132,
    pages = {203},
   adsurl = {http://adsabs.harvard.edu/abs/1984A%26A...132..203H},
  adsnote = {Provided by the SAO/NASA Astrophysics Data System}
}

@ARTICLE{hay81,
   author = {{Hayashi}, C.},
    title = "{Structure of the Solar Nebula, Growth and Decay of Magnetic Fields and Effects of Magnetic and Turbulent Viscosities on the Nebula}",
  journal = {Progress of Theoretical Physics Supplement},
     year = 1981,
   volume = 70,
    pages = {35-53},
      doi = {10.1143/PTPS.70.35},
   adsurl = {http://adsabs.harvard.edu/abs/1981PThPS..70...35H},
  adsnote = {Provided by the SAO/NASA Astrophysics Data System}
}

@ARTICLE{hirsch14,
   author = {{Hirabayashi}, M. and {Scheeres}, D.~J. and {S{\'a}nchez}, D.~P. and 
	{Gabriel}, T.},
    title = "{Constraints on the Physical Properties of Main Belt Comet P/2013 R3 from its Breakup Event}",
  journal = {\apjl},
archivePrefix = "arXiv",
   eprint = {1406.0804},
 primaryClass = "astro-ph.EP",
 keywords = {comets: general, comets: individual: P/2013 R3, minor planets, asteroids: general},
     year = 2014,
    month = jul,
   volume = 789,
      eid = {L12},
    pages = {L12},
      doi = {10.1088/2041-8205/789/1/L12},
   adsurl = {http://adsabs.harvard.edu/abs/2014ApJ...789L..12H},
  adsnote = {Provided by the SAO/NASA Astrophysics Data System}
}

@ARTICLE{horjon10,
   author = {{Horner}, J. and {Jones}, B.~W.},
    title = "{Jupiter: friend or foe? An answer}",
  journal = {Astronomy and Geophysics},
     year = 2010,
    month = dec,
   volume = 51,
   number = 6,
    pages = {16-6},
      doi = {10.1111/j.1468-4004.2010.51616.x},
   adsurl = {http://adsabs.harvard.edu/abs/2010A%26G....51f..16H},
  adsnote = {Provided by the SAO/NASA Astrophysics Data System}
}

@ARTICLE{hormou09,
   author = {{Horner}, J. and {Mousis}, O. and {Petit}, J.-M. and {Jones}, B.~W.
	},
    title = "{Differences between the impact regimes of the terrestrial planets: Implications for primordial D:H ratios}",
  journal = {\planss},
     year = 2009,
    month = oct,
   volume = 57,
    pages = {1338-1345},
      doi = {10.1016/j.pss.2009.06.006},
   adsurl = {http://adsabs.harvard.edu/abs/2009P%26SS...57.1338H},
  adsnote = {Provided by the SAO/NASA Astrophysics Data System}
}

@ARTICLE{hsi14,
   author = {{Hsieh}, H.~H.},
    title = "{The nucleus of main-belt Comet P/2010 R2 (La Sagra)}",
  journal = {\icarus},
archivePrefix = "arXiv",
   eprint = {1408.4860},
 primaryClass = "astro-ph.EP",
 keywords = {Asteroids, Comets, nucleus, Comets, dust},
     year = 2014,
    month = nov,
   volume = 243,
    pages = {16-26},
      doi = {10.1016/j.icarus.2014.08.033},
   adsurl = {http://adsabs.harvard.edu/abs/2014Icar..243...16H},
  adsnote = {Provided by the SAO/NASA Astrophysics Data System}
}

@ARTICLE{hsihai15,
   author = {{Hsieh}, H.~H. and {Hainaut}, O. and {Novakovi{\'c}}, B. and 
	{Bolin}, B. and {Denneau}, L. and {Fitzsimmons}, A. and {Haghighipour}, N. and 
	{Kleyna}, J. and {Kokotanekova}, R. and {Lacerda}, P. and {Meech}, K.~J. and 
	{Micheli}, M. and {Moskovitz}, N. and {Schunova}, E. and {Snodgrass}, C. and 
	{Wainscoat}, R.~J. and {Wasserman}, L. and {Waszczak}, A.},
    title = "{Sublimation-Driven Activity in Main-Belt Comet 313p/Gibbs}",
  journal = {\apjl},
archivePrefix = "arXiv",
   eprint = {1501.03873},
 primaryClass = "astro-ph.EP",
 keywords = {comets: general, comets: individual: 313P{\amp}Gibbs, minor planets, asteroids: general},
     year = 2015,
    month = feb,
   volume = 800,
      eid = {L16},
    pages = {L16},
      doi = {10.1088/2041-8205/800/1/L16},
   adsurl = {http://adsabs.harvard.edu/abs/2015ApJ...800L..16H},
  adsnote = {Provided by the SAO/NASA Astrophysics Data System}
}

@ARTICLE{hsijew06,
   author = {{Hsieh}, H.~H. and {Jewitt}, D.},
    title = "{A Population of Comets in the Main Asteroid Belt}",
  journal = {Science},
     year = 2006,
    month = apr,
   volume = 312,
    pages = {561-563},
      doi = {10.1126/science.1125150},
   adsurl = {http://adsabs.harvard.edu/abs/2006Sci...312..561H},
  adsnote = {Provided by the SAO/NASA Astrophysics Data System}
}

@ARTICLE{hsijew04,
   author = {{Hsieh}, H.~H. and {Jewitt}, D.~C. and {Fern{\'a}ndez}, Y.~R.
	},
    title = "{The Strange Case of 133P/Elst-Pizarro: A Comet among the Asteroids}",
  journal = {\aj},
 keywords = {Comets: General, comets: individual (133P/Elst-Pizarro), Minor Planets, Asteroids, Solar System: General},
     year = 2004,
    month = may,
   volume = 127,
    pages = {2997-3017},
      doi = {10.1086/383208},
   adsurl = {http://adsabs.harvard.edu/abs/2004AJ....127.2997H},
  adsnote = {Provided by the SAO/NASA Astrophysics Data System}
}

@ARTICLE{hsijew09,
   author = {{Hsieh}, H.~H. and {Jewitt}, D. and {Ishiguro}, M.},
    title = "{Physical Properties of Main-Belt Comet P/2005 U1 (Read)}",
  journal = {\aj},
archivePrefix = "arXiv",
   eprint = {0810.1351},
 keywords = {comets: general, comets: individual: P/2005U1 (Read), minor planets, asteroids},
     year = 2009,
    month = jan,
   volume = 137,
    pages = {157-168},
      doi = {10.1088/0004-6256/137/1/157},
   adsurl = {http://adsabs.harvard.edu/abs/2009AJ....137..157H},
  adsnote = {Provided by the SAO/NASA Astrophysics Data System}
}

@ARTICLE{hsijew10,
   author = {{Hsieh}, H.~H. and {Jewitt}, D. and {Lacerda}, P. and {Lowry}, S.~C. and 
	{Snodgrass}, C.},
    title = "{The return of activity in main-belt comet 133P/Elst-Pizarro}",
  journal = {\mnras},
archivePrefix = "arXiv",
   eprint = {0911.5522},
 primaryClass = "astro-ph.EP",
 keywords = {comets: general, comets: individual: 133P/Elst-Pizarro, minor planets, asteroids},
     year = 2010,
    month = mar,
   volume = 403,
    pages = {363-377},
      doi = {10.1111/j.1365-2966.2009.16120.x},
   adsurl = {http://adsabs.harvard.edu/abs/2010MNRAS.403..363H},
  adsnote = {Provided by the SAO/NASA Astrophysics Data System}
}

@ARTICLE{hsimee11,
   author = {{Hsieh}, H.~H. and {Meech}, K.~J. and {Pittichov{\'a}}, J.},
    title = "{Main-belt Comet 238P/Read Revisited}",
  journal = {\apjl},
archivePrefix = "arXiv",
   eprint = {1106.0045},
 primaryClass = "astro-ph.EP",
 keywords = {comets: general, comets: individual: 238P/Read, minor planets, asteroids: general},
     year = 2011,
    month = jul,
   volume = 736,
      eid = {L18},
    pages = {L18},
      doi = {10.1088/2041-8205/736/1/L18},
   adsurl = {http://adsabs.harvard.edu/abs/2011ApJ...736L..18H},
  adsnote = {Provided by the SAO/NASA Astrophysics Data System}
}

@ARTICLE{hsiyan12,
   author = {{Hsieh}, H.~H. and {Yang}, B. and {Haghighipour}, N.},
    title = "{Optical and Dynamical Characterization of Comet-like Main-belt Asteroid (596) Scheila}",
  journal = {\apj},
archivePrefix = "arXiv",
   eprint = {1109.3477},
 primaryClass = "astro-ph.EP",
 keywords = {comets: general, minor planets, asteroids: general, minor planets, asteroids: individual: (596) Scheila},
     year = 2012,
    month = jan,
   volume = 744,
      eid = {9},
    pages = {9},
      doi = {10.1088/0004-637X/744/1/9},
   adsurl = {http://adsabs.harvard.edu/abs/2012ApJ...744....9H},
  adsnote = {Provided by the SAO/NASA Astrophysics Data System}
}

@ARTICLE{hsiyan12c,
   author = {{Hsieh}, H.~H. and {Yang}, B. and {Haghighipour}, N. and {Kaluna}, H.~M. and 
	{Fitzsimmons}, A. and {Denneau}, L. and {Novakovi{\'c}}, B. and 
	{Jedicke}, R. and {Wainscoat}, R.~J. and {Armstrong}, J.~D. and 
	{Duddy}, S.~R. and {Lowry}, S.~C. and {Trujillo}, C.~A. and 
	{Micheli}, M. and {Keane}, J.~V. and {Urban}, L. and {Riesen}, T. and 
	{Meech}, K.~J. and {Abe}, S. and {Cheng}, Y.-C. and {Chen}, W.-P. and 
	{Granvik}, M. and {Grav}, T. and {Ip}, W.-H. and {Kinoshita}, D. and 
	{Kleyna}, J. and {Lacerda}, P. and {Lister}, T. and {Milani}, A. and 
	{Tholen}, D.~J. and {Vere{\v s}}, P. and {Lisse}, C.~M. and 
	{Kelley}, M.~S. and {Fern{\'a}ndez}, Y.~R. and {Bhatt}, B.~C. and 
	{Sahu}, D.~K. and {Kaiser}, N. and {Chambers}, K.~C. and {Hodapp}, K.~W. and 
	{Magnier}, E.~A. and {Price}, P.~A. and {Tonry}, J.~L.},
    title = "{Discovery of Main-belt Comet P/2006 VW$_{139}$ by Pan-STARRS1}",
  journal = {\apjl},
archivePrefix = "arXiv",
   eprint = {1202.2126},
 primaryClass = "astro-ph.EP",
 keywords = {comets: general, minor planets, asteroids: general},
     year = 2012,
    month = mar,
   volume = 748,
      eid = {L15},
    pages = {L15},
      doi = {10.1088/2041-8205/748/1/L15},
   adsurl = {http://adsabs.harvard.edu/abs/2012ApJ...748L..15H},
  adsnote = {Provided by the SAO/NASA Astrophysics Data System}
}

@ARTICLE{hsiyan12b,
   author = {{Hsieh}, H.~H. and {Yang}, B. and {Haghighipour}, N. and {Novakovi{\'c}}, B. and 
	{Jedicke}, R. and {Wainscoat}, R.~J. and {Denneau}, L. and {Abe}, S. and 
	{Chen}, W.-P. and {Fitzsimmons}, A. and {Granvik}, M. and {Grav}, T. and 
	{Ip}, W. and {Kaluna}, H.~M. and {Kinoshita}, D. and {Kleyna}, J. and 
	{Knight}, M.~M. and {Lacerda}, P. and {Lisse}, C.~M. and {Maclennan}, E. and 
	{Meech}, K.~J. and {Micheli}, M. and {Milani}, A. and {Pittichov{\'a}}, J. and 
	{Schunova}, E. and {Tholen}, D.~J. and {Wasserman}, L.~H. and 
	{Burgett}, W.~S. and {Chambers}, K.~C. and {Heasley}, J.~N. and 
	{Kaiser}, N. and {Magnier}, E.~A. and {Morgan}, J.~S. and {Price}, P.~A. and 
	{J{\o}rgensen}, U.~G. and {Dominik}, M. and {Hinse}, T. and 
	{Sahu}, K. and {Snodgrass}, C.},
    title = "{Observational and Dynamical Characterization of Main-belt Comet P/2010 R2 (La Sagra)}",
  journal = {\aj},
archivePrefix = "arXiv",
   eprint = {1109.6350},
 primaryClass = "astro-ph.EP",
 keywords = {comets: general, comets: individual: P/2010 R2 (La Sagra), minor planets, asteroids: general},
     year = 2012,
    month = may,
   volume = 143,
      eid = {104},
    pages = {104},
      doi = {10.1088/0004-6256/143/5/104},
   adsurl = {http://adsabs.harvard.edu/abs/2012AJ....143..104H},
  adsnote = {Provided by the SAO/NASA Astrophysics Data System}
}

@ARTICLE{iva01,
   author = {{Ivanov}, B.~A.},
    title = "{Mars/Moon Cratering Rate Ratio Estimates}",
  journal = {\ssr},
     year = 2001,
    month = apr,
   volume = 96,
    pages = {87-104},
   adsurl = {http://adsabs.harvard.edu/abs/2001SSRv...96...87I},
  adsnote = {Provided by the SAO/NASA Astrophysics Data System}
}

@ARTICLE{ivetab01,
   author = {{Ivezi{\'c}}, {\v Z}. and {Tabachnik}, S. and {Rafikov}, R. and 
	{Lupton}, R.~H. and {Quinn}, T. and {Hammergren}, M. and {Eyer}, L. and 
	{Chu}, J. and {Armstrong}, J.~C. and {Fan}, X. and {Finlator}, K. and 
	{Geballe}, T.~R. and {Gunn}, J.~E. and {Hennessy}, G.~S. and 
	{Knapp}, G.~R. and {Leggett}, S.~K. and {Munn}, J.~A. and {Pier}, J.~R. and 
	{Rockosi}, C.~M. and {Schneider}, D.~P. and {Strauss}, M.~A. and 
	{Yanny}, B. and {Brinkmann}, J. and {Csabai}, I. and {Hindsley}, R.~B. and 
	{Kent}, S. and {Lamb}, D.~Q. and {Margon}, B. and {McKay}, T.~A. and 
	{Smith}, J.~A. and {Waddel}, P. and {York}, D.~G. and {SDSS Collaboration}
	},
    title = "{Solar System Objects Observed in the Sloan Digital Sky Survey Commissioning Data}",
  journal = {\aj},
   eprint = {astro-ph/0105511},
 keywords = {Key words: Kuiper Belt, Minor Planets, Asteroids, Solar System: General},
     year = 2001,
    month = nov,
   volume = 122,
    pages = {2749-2784},
      doi = {10.1086/323452},
   adsurl = {http://adsabs.harvard.edu/abs/2001AJ....122.2749I},
  adsnote = {Provided by the SAO/NASA Astrophysics Data System}
}

@ARTICLE{izides13,
   author = {{Izidoro}, A. and {de Souza Torres}, K. and {Winter}, O.~C. and 
	{Haghighipour}, N.},
    title = "{A Compound Model for the Origin of Earth's Water}",
  journal = {\apj},
archivePrefix = "arXiv",
   eprint = {1302.1233},
 primaryClass = "astro-ph.EP",
 keywords = {astrobiology, Earth, planets and satellites: composition, planets and satellites: formation},
     year = 2013,
    month = apr,
   volume = 767,
      eid = {54},
    pages = {54},
      doi = {10.1088/0004-637X/767/1/54},
   adsurl = {http://adsabs.harvard.edu/abs/2013ApJ...767...54I},
  adsnote = {Provided by the SAO/NASA Astrophysics Data System}
}

@ARTICLE{izihag14,
   author = {{Izidoro}, A. and {Haghighipour}, N. and {Winter}, O.~C. and 
	{Tsuchida}, M.},
    title = "{Terrestrial Planet Formation in a Protoplanetary Disk with a Local Mass Depletion: A Successful Scenario for the Formation of Mars}",
  journal = {\apj},
archivePrefix = "arXiv",
   eprint = {1312.3959},
 primaryClass = "astro-ph.EP",
 keywords = {methods: numerical, planets and satellites: formation},
     year = 2014,
    month = feb,
   volume = 782,
      eid = {31},
    pages = {31},
      doi = {10.1088/0004-637X/782/1/31},
   adsurl = {http://adsabs.harvard.edu/abs/2014ApJ...782...31I},
  adsnote = {Provided by the SAO/NASA Astrophysics Data System}
}

@ARTICLE{jew12,
   author = {{Jewitt}, D.},
    title = "{The Active Asteroids}",
  journal = {\aj},
archivePrefix = "arXiv",
   eprint = {1112.5220},
 primaryClass = "astro-ph.EP",
 keywords = {comets: general, minor planets, asteroids: general},
     year = 2012,
    month = mar,
   volume = 143,
      eid = {66},
    pages = {66},
      doi = {10.1088/0004-6256/143/3/66},
   adsurl = {http://adsabs.harvard.edu/abs/2012AJ....143...66J},
  adsnote = {Provided by the SAO/NASA Astrophysics Data System}
}

@ARTICLE{jewaga13,
   author = {{Jewitt}, D. and {Agarwal}, J. and {Weaver}, H. and {Mutchler}, M. and 
	{Larson}, S.},
    title = "{The Extraordinary Multi-tailed Main-belt Comet P/2013 P5}",
  journal = {\apjl},
archivePrefix = "arXiv",
   eprint = {1311.1483},
 primaryClass = "astro-ph.EP",
 keywords = {comets: general, minor planets, asteroids: general, minor planets, asteroids: individual: P/2013 P5 },
     year = 2013,
    month = nov,
   volume = 778,
      eid = {L21},
    pages = {L21},
      doi = {10.1088/2041-8205/778/1/L21},
   adsurl = {http://adsabs.harvard.edu/abs/2013ApJ...778L..21J},
  adsnote = {Provided by the SAO/NASA Astrophysics Data System}
}

@ARTICLE{jewaga14,
   author = {{Jewitt}, D. and {Agarwal}, J. and {Li}, J. and {Weaver}, H. and 
	{Mutchler}, M. and {Larson}, S.},
    title = "{Disintegrating Asteroid P/2013 R3}",
  journal = {\apjl},
archivePrefix = "arXiv",
   eprint = {1403.1237},
 primaryClass = "astro-ph.EP",
 keywords = {comets: general, minor planets, asteroids: general, minor planets, asteroids: individual: P/2013 R3},
     year = 2014,
    month = mar,
   volume = 784,
      eid = {L8},
    pages = {L8},
      doi = {10.1088/2041-8205/784/1/L8},
   adsurl = {http://adsabs.harvard.edu/abs/2014ApJ...784L...8J},
  adsnote = {Provided by the SAO/NASA Astrophysics Data System}
}

@ARTICLE{jewish14,
   author = {{Jewitt}, D. and {Ishiguro}, M. and {Weaver}, H. and {Agarwal}, J. and 
	{Mutchler}, M. and {Larson}, S.},
    title = "{Hubble Space Telescope Investigation of Main-belt Comet 133P/Elst-Pizarro}",
  journal = {\aj},
archivePrefix = "arXiv",
   eprint = {1402.5571},
 primaryClass = "astro-ph.SR",
 keywords = {comets: general, minor planets, asteroids: general, minor planets, asteroids: individual: 133P/Elst-Pizarro},
     year = 2014,
    month = may,
   volume = 147,
      eid = {117},
    pages = {117},
      doi = {10.1088/0004-6256/147/5/117},
   adsurl = {http://adsabs.harvard.edu/abs/2014AJ....147..117J},
  adsnote = {Provided by the SAO/NASA Astrophysics Data System}
}

@ARTICLE{jewwea11,
   author = {{Jewitt}, D. and {Weaver}, H. and {Mutchler}, M. and {Larson}, S. and 
	{Agarwal}, J.},
    title = "{Hubble Space Telescope Observations of Main-belt Comet (596) Scheila}",
  journal = {\apjl},
archivePrefix = "arXiv",
   eprint = {1103.5456},
 primaryClass = "astro-ph.EP",
 keywords = {comets: general, comets: individual: (596) Scheila, minor planets, asteroids: general},
     year = 2011,
    month = may,
   volume = 733,
      eid = {L4},
    pages = {L4},
      doi = {10.1088/2041-8205/733/1/L4},
   adsurl = {http://adsabs.harvard.edu/abs/2011ApJ...733L...4J},
  adsnote = {Provided by the SAO/NASA Astrophysics Data System}
}

@ARTICLE{jewyan09,
   author = {{Jewitt}, D. and {Yang}, B. and {Haghighipour}, N.},
    title = "{Main-Belt Comet P/2008 R1 (Garradd)}",
  journal = {\aj},
archivePrefix = "arXiv",
   eprint = {0902.4315},
 primaryClass = "astro-ph.EP",
 keywords = {comets: general, Kuiper Belt, minor planets, asteroids, solar system: formation},
     year = 2009,
    month = may,
   volume = 137,
    pages = {4313-4321},
      doi = {10.1088/0004-6256/137/5/4313},
   adsurl = {http://adsabs.harvard.edu/abs/2009AJ....137.4313J},
  adsnote = {Provided by the SAO/NASA Astrophysics Data System}
}

@ARTICLE{jutasp11,
   author = {{Jutzi}, M. and {Asphaug}, E.},
    title = "{Forming the lunar farside highlands by accretion of a companion moon}",
  journal = {\nat},
     year = 2011,
    month = aug,
   volume = 476,
    pages = {69-72},
      doi = {10.1038/nature10289},
   adsurl = {http://adsabs.harvard.edu/abs/2011Natur.476...69J},
  adsnote = {Provided by the SAO/NASA Astrophysics Data System}
}

@ARTICLE{jutmic09,
   author = {{Jutzi}, M. and {Michel}, P. and {Hiraoka}, K. and {Nakamura}, A.~M. and 
	{Benz}, W.},
    title = "{Numerical simulations of impacts involving porous bodies. II. Comparison with laboratory experiments}",
  journal = {\icarus},
     year = 2009,
    month = jun,
   volume = 201,
    pages = {802-813},
      doi = {10.1016/j.icarus.2009.01.018},
   adsurl = {http://adsabs.harvard.edu/abs/2009Icar..201..802J},
  adsnote = {Provided by the SAO/NASA Astrophysics Data System}
}

@book{kalmai06,
  title={Real Optimization with SAP{\textregistered} APO},
  author={Kallrath, J. and Maindl, T.I.},
  isbn={9783540346241},
  url={http://books.google.at/books?id=NLWHI5hmTR4C},
  year={2006},
  publisher={Springer Berlin Heidelberg}
}

@ARTICLE{knemil03,
   author = {{Kne{\v z}evi{\'c}}, Z. and {Milani}, A.},
    title = "{Proper element catalogs and asteroid families}",
  journal = {\aap},
 keywords = {minor planets, asteroids},
     year = 2003,
    month = jun,
   volume = 403,
    pages = {1165-1173},
      doi = {10.1051/0004-6361:20030475},
   adsurl = {http://adsabs.harvard.edu/abs/2003A%26A...403.1165K},
  adsnote = {Provided by the SAO/NASA Astrophysics Data System}
}

@ARTICLE{kokgen10,
   author = {{Kokubo}, E. and {Genda}, H.},
    title = "{Formation of Terrestrial Planets from Protoplanets Under a Realistic Accretion Condition}",
  journal = {\apjl},
archivePrefix = "arXiv",
   eprint = {1003.4384},
 primaryClass = "astro-ph.EP",
 keywords = {methods: numerical, planets and satellites: formation},
     year = 2010,
    month = may,
   volume = 714,
    pages = {L21-L25},
      doi = {10.1088/2041-8205/714/1/L21},
   adsurl = {http://adsabs.harvard.edu/abs/2010ApJ...714L..21K},
  adsnote = {Provided by the SAO/NASA Astrophysics Data System}
}

@ARTICLE{kuc04,
   author = {{Kuchner}, M.~J.},
    title = "{A Minimum-Mass Extrasolar Nebula}",
  journal = {\apj},
   eprint = {astro-ph/0405536},
 keywords = {Stars: Planetary Systems: Protoplanetary Disks, Solar System: Formation},
     year = 2004,
    month = sep,
   volume = 612,
    pages = {1147-1151},
      doi = {10.1086/422577},
   adsurl = {http://adsabs.harvard.edu/abs/2004ApJ...612.1147K},
  adsnote = {Provided by the SAO/NASA Astrophysics Data System}
}

@INPROCEEDINGS{lamerk14,
   author = {{Lammer}, H. and {Erkaev}, N.~V. and {Elkins-Tanton}, L. and 
	{Maindl}, T.~I. and {Dvorak}, R. and {Odert}, P. and {Kislyakova}, K.~G. and 
	{Marcq}, E. and {Guedel}, M.},
    title = "{Escape from catastrophically outgassed volatiles and initial water inventories from early Mars and Mars-like planetary embryos}",
booktitle = {EGU General Assembly Conference Abstracts},
     year = 2014,
   series = {EGU General Assembly Conference Abstracts},
   volume = 16,
    month = may,
      eid = {13081},
    pages = {13081},
   adsurl = {http://adsabs.harvard.edu/abs/2014EGUGA..1613081L},
  adsnote = {Provided by the SAO/NASA Astrophysics Data System}
}

@ARTICLE{lanahr84,
   author = {{Lange}, M.~A. and {Ahrens}, T.~J. and {Boslough}, M.~B.},
    title = "{Impact cratering and spall failure of gabbro}",
  journal = {\icarus},
 keywords = {CRATERS, GABBRO, HYPERVELOCITY IMPACT, IMPACT DAMAGE, EJECTA, GEOLOGY, PROJECTILES, PLANETS, CRATERING, IMPACTS, SPALLING, GABBRO, EXPERIMENTS, DIAGRAMS, HYPERVELOCITY, DYNAMICS, STRENGTH, EJECTA, THICKNESS, CRATERS, SIZE, VOLUME, DIAMETER, FRAGMENTS, SHEAR, STRAIN, PARAMETERS, FRACTURES, MODELS, ESCAPE, DATA, MINERALS, PROCEDURE, SAMPLES, TERRESTRIAL, PHOTOMICROGRAPHS, MICROSCOPIC OBSERVATIONS},
     year = 1984,
    month = jun,
   volume = 58,
    pages = {383-395},
      doi = {10.1016/0019-1035(84)90084-8},
   adsurl = {http://adsabs.harvard.edu/abs/1984Icar...58..383L},
  adsnote = {Provided by the SAO/NASA Astrophysics Data System}
}

@ARTICLE{lebmas13,
   author = {{Lebrun}, T. and {Massol}, H. and {Chassefi{\`e}Re}, E. and 
	{Davaille}, A. and {Marcq}, E. and {Sarda}, P. and {Leblanc}, F. and 
	{Brandeis}, G.},
    title = "{Thermal evolution of an early magma ocean in interaction with the atmosphere}",
  journal = {Journal of Geophysical Research (Planets)},
 keywords = {magma, atmosphere, plate, ocean, water, planet},
     year = 2013,
    month = jun,
   volume = 118,
    pages = {1155-1176},
      doi = {10.1002/jgre.20068},
   adsurl = {http://adsabs.harvard.edu/abs/2013JGRE..118.1155L},
  adsnote = {Provided by the SAO/NASA Astrophysics Data System}
}

@ARTICLE{leiste12,
   author = {{Leinhardt}, Z.~M. and {Stewart}, S.~T.},
    title = "{Collisions between Gravity-dominated Bodies. I. Outcome Regimes and Scaling Laws}",
  journal = {\apj},
archivePrefix = "arXiv",
   eprint = {1106.6084},
 primaryClass = "astro-ph.EP",
 keywords = {methods: numerical, planets and satellites: formation},
     year = 2012,
    month = jan,
   volume = 745,
      eid = {79},
    pages = {79},
      doi = {10.1088/0004-637X/745/1/79},
   adsurl = {http://adsabs.harvard.edu/abs/2012ApJ...745...79L},
  adsnote = {Provided by the SAO/NASA Astrophysics Data System}
}

@INPROCEEDINGS{libpet91,
   author = {{Libersky}, L.~D. and {Petschek}, A.~G.},
    title = "{Smooth particle hydrodynamics with strength of materials}",
booktitle = {Advances in the Free-Lagrange Method Including Contributions on Adaptive Gridding and the Smooth Particle Hydrodynamics Method},
     year = 1991,
   series = {Lecture Notes in Physics, Berlin Springer Verlag},
   volume = 395,
   editor = {{Trease}, H.~E. and {Fritts}, M.~F. and {Crowley}, W.~P.},
    pages = {248-257},
      doi = {10.1007/3-540-54960-9\_58},
   adsurl = {http://adsabs.harvard.edu/abs/1991LNP...395..248L},
  adsnote = {Provided by the SAO/NASA Astrophysics Data System}
}

@ARTICLE{luc77,
   author = {{Lucy}, L.~B.},
    title = "{A numerical approach to the testing of the fission hypothesis}",
  journal = {\aj},
 keywords = {BINARY STARS, HYPOTHESES, NUCLEAR FISSION, NUMERICAL ANALYSIS, PROTOSTARS, STELLAR EVOLUTION, ASTRONOMICAL MODELS, DIFFERENCE EQUATIONS, GAS DYNAMICS, MONTE CARLO METHOD, NUMERICAL STABILITY, PARTICLE MOTION, STELLAR ROTATION},
     year = 1977,
    month = dec,
   volume = 82,
    pages = {1013-1024},
      doi = {10.1086/112164},
   adsurl = {http://adsabs.harvard.edu/abs/1977AJ.....82.1013L},
  adsnote = {Provided by the SAO/NASA Astrophysics Data System}
}

@ARTICLE{lunobr11,
   author = {{Lunine}, J.~I. and {O'brien}, D.~P. and {Raymond}, S.~N. and 
	{Morbidelli}, A. and {Quinn}, T. and {Graps}, A.~L.},
    title = "{Dynamical Models of Terrestrial Planet Formation}",
  journal = {Advanced Science Letters},
     year = 2011,
    month = feb,
   volume = 4,
    pages = {325-338},
      doi = {10.1166/asl.2011.1212},
   adsurl = {http://adsabs.harvard.edu/abs/2011ASL.....4..325L},
  adsnote = {Provided by the SAO/NASA Astrophysics Data System}
}

@ARTICLE{maidvo94,
   author = {{Maindl}, T.~I. and {Dvorak}, R.},
    title = "{On the dynamics of the relativistic restricted three-body problem.}",
  journal = {\aap},
 keywords = {CELESTIAL MECHANICS, RELATIVITY},
     year = 1994,
    month = oct,
   volume = 290,
    pages = {335-339},
   adsurl = {http://adsabs.harvard.edu/abs/1994A%26A...290..335M},
  adsnote = {Provided by the SAO/NASA Astrophysics Data System}
}

@INPROCEEDINGS{maidvo13,
   author = {{Maindl}, T.~I. and {Dvorak}, R.},
    title = "{Collision parameters governing water delivery and water loss in early planetary systems}",
 keywords = {solar system: formation, celestial mechanics, methods: n-body simulations,},
booktitle = {IAU Symposium},
     year = 2014,
   series = {IAU Symposium},
   volume = 299,
archivePrefix = "arXiv",
   eprint = {1307.1643},
 primaryClass = "astro-ph.EP",
   editor = {{Booth}, M. and {Matthews}, B.~C. and {Graham}, J.~R.},
    month = jan,
    pages = {370-373},
      doi = {10.1017/S1743921313008971},
   adsurl = {http://adsabs.harvard.edu/abs/2014IAUS..299..370M},
  adsnote = {Provided by the SAO/NASA Astrophysics Data System}
}

@ARTICLE{maidvo14,
   author = {{Maindl}, T.~I. and {Dvorak}, R. and {Lammer}, H. and {G{\"u}del}, M. and 
	{Sch{\"a}fer}, C. and {Speith}, R. and {Odert}, P. and {Erkaev}, N.~V. and 
	{Kislyakova}, K.~G. and {Pilat-Lohinger}, E.},
    title = "{Impact induced surface heating by planetesimals on early Mars}",
  journal = {\aap},
archivePrefix = "arXiv",
   eprint = {1405.5913},
 primaryClass = "astro-ph.EP",
 keywords = {planets and satellites: formation, planets and satellites: terrestrial planets, planets and satellites: atmospheres, stars: solar-type, Sun: UV radiation, celestial mechanics},
     year = 2015,
    month = feb,
   volume = 574,
      eid = {A22},
    pages = {A22},
      doi = {10.1051/0004-6361/201424256},
   adsurl = {http://adsabs.harvard.edu/abs/2015A%26A...574A..22M},
  adsnote = {Provided by the SAO/NASA Astrophysics Data System}
}

@inproceedings{maidvo14b,
author = {{Maindl},Thomas I. and {Dvorak},Rudolf and {Sch{\"a}fer},Christoph and {Speith},Roland},
title = {Fragmentation of colliding planetesimals with water content},
booktitle = {IAU Symposium},
series = {IAU Symposium},
volume = {310},
issue = {Symposium S310},
month = {7},
year = {2014},
pages = {138--141},
numpages = {4},
doi = {10.1017/S1743921314008059},
URL = {http://journals.cambridge.org/article\_S1743921314008059},
}

@ARTICLE{maidvo13b,
   author = {{Maindl}, T.~I. and {Dvorak}, R. and {Speith}, R. and {Sch{\"a}fer}, C.
	},
    title = "{The role of material strength in collisions -- Comparing solid body and hydrodynamic physics for simulating collisions of planetesimals with icy shells}",
  journal = {ArXiv e-print arXiv:1401.0045},
archivePrefix = "arXiv",
   eprint = {1401.0045},
 primaryClass = "astro-ph.EP",
 keywords = {Astrophysics - Earth and Planetary Astrophysics},
     year = 2014,
    month = dec,
   adsurl = {http://adsabs.harvard.edu/abs/2014arXiv1401.0045M},
  adsnote = {Provided by the SAO/NASA Astrophysics Data System}
}

@ARTICLE{maidvo13c,
   author = {{Maindl}, T.~I. and {Dvorak}, R. and {Sch{\"a}fer}, C. and {Speith}, R.
	},
    title = "{A possible model of water delivery by collisions in early planetary systems}",
  journal = {Bulletin SPG / SSP Vol 30, {\"O}PG Tagungsband Nr.~63, p.~128},
 keywords = {planetary systems, planetesimals, collisions and impacts, SPH simulation  },
     year = 2013,
    month = sep,
   volume = 63,
    pages = {128},
   adsurl = {http://adsabs.harvard.edu/abs/2013BuSPG..63..128M},
  adsnote = {Provided by the SAO/NASA Astrophysics Data System}
}

@INPROCEEDINGS{maihag14,
   author = {{Maindl}, T.~I. and {Haghighipour}, N.},
    title = "{Triggering Comet-Like Activities of Main Belt Comets}",
booktitle = {AAS/Division for Planetary Sciences Meeting Abstracts},
     year = 2014,
   series = {AAS/Division for Planetary Sciences Meeting Abstracts},
   volume = 46,
    month = nov,
    pages = {\#415.17},
   adsurl = {http://adsabs.harvard.edu/abs/2014DPS....4641517M},
  adsnote = {Provided by the SAO/NASA Astrophysics Data System}
}

@ARTICLE{maisch13,
   author = {{Maindl}, T.~I. and {Sch{\"a}fer}, C. and {Speith}, R. and {S{\"u}li}, {\'A}. and 
	{Forg{\'a}cs-Dajka}, E. and {Dvorak}, R.},
    title = "{SPH-based simulation of multi-material asteroid collisions}",
    journal = {Astronomische Nachrichten},
    volume = {334},
    number = {9},
    publisher = {WILEY-VCH Verlag},
    issn = {1521-3994},
    url = {http://dx.doi.org/10.1002/asna.201311979},
    doi = {10.1002/asna.201311979},
    pages = {996--999},
    keywords = {celestial mechanics, stellar dynamics, equation of state, hydrodynamics, methods: numerical, minor planets, asteroids, solar system: formation},
 year = {2013},
}

@ARTICLE{manmck06,
   author = {{Manning}, C.~V. and {McKay}, C.~P. and {Zahnle}, K.~J.},
    title = "{Thick and thin models of the evolution of carbon dioxide on Mars}",
  journal = {\icarus},
     year = 2006,
    month = jan,
   volume = 180,
    pages = {38-59},
      doi = {10.1016/j.icarus.2005.08.014},
   adsurl = {http://adsabs.harvard.edu/abs/2006Icar..180...38M},
  adsnote = {Provided by the SAO/NASA Astrophysics Data System}
}

@ARTICLE{marsas10,
   author = {{Marcus}, R.~A. and {Sasselov}, D. and {Stewart}, S.~T. and 
	{Hernquist}, L.},
    title = "{Water/Icy Super-Earths: Giant Impacts and Maximum Water Content}",
  journal = {\apjl},
archivePrefix = "arXiv",
   eprint = {1007.3212},
 primaryClass = "astro-ph.EP",
 keywords = {planetary systems, planets and satellites: formation},
     year = 2010,
    month = aug,
   volume = 719,
    pages = {L45-L49},
      doi = {10.1088/2041-8205/719/1/L45},
   adsurl = {http://adsabs.harvard.edu/abs/2010ApJ...719L..45M},
  adsnote = {Provided by the SAO/NASA Astrophysics Data System}
}

@ARTICLE{marste09,
   author = {{Marcus}, R.~A. and {Stewart}, S.~T. and {Sasselov}, D. and 
	{Hernquist}, L.},
    title = "{Collisional Stripping and Disruption of Super-Earths}",
  journal = {\apjl},
archivePrefix = "arXiv",
   eprint = {0907.0234},
 primaryClass = "astro-ph.EP",
 keywords = {planetary systems: formation, planets and satellites: formation},
     year = 2009,
    month = aug,
   volume = 700,
    pages = {L118-L122},
      doi = {10.1088/0004-637X/700/2/L118},
   adsurl = {http://adsabs.harvard.edu/abs/2009ApJ...700L.118M},
  adsnote = {Provided by the SAO/NASA Astrophysics Data System}
}

@article {mccsot05,
   author = {{McCord}, T.~B. and {Sotin}, C.},
    title = "{Ceres: Evolution and current state}",
  journal = {Journal of Geophysical Research (Planets)},
 keywords = {Planetary Sciences: Solar System Objects: Asteroids, Planetary Sciences: Solid Surface Planets: Origin and evolution, Planetary Sciences: Solid Surface Planets: Composition (1060, 3672), Planetary Sciences: Solid Surface Planets: Surface materials and properties},
     year = 2005,
    month = may,
   volume = 110,
      eid = {E05009},
    pages = {5009},
      doi = {10.1029/2004JE002244},
   adsurl = {http://adsabs.harvard.edu/abs/2005JGRE..110.5009M},
  adsnote = {Provided by the SAO/NASA Astrophysics Data System}
}

@BOOK{mel89,
   author = {{Melosh}, H.~J.},
    title = "{Impact cratering: A geologic process}",
 keywords = {HYPERVELOCITY IMPACT, METEORITE CRATERS, PLANETARY CRATERS, EARTH SURFACE, EJECTA, EQUATIONS OF STATE, LUNAR CRATERS, MORPHOLOGY, PLANETARY EVOLUTION, STRESS WAVES, STRUCTURAL PROPERTIES (GEOLOGY)},
booktitle = {Research supported by NASA.~New York, Oxford University Press (Oxford Monographs on Geology and Geophysics, No.~11), 1989, 253 p.},
    publisher = {Oxford University Press, New York},
     year = 1989,
   adsurl = {http://adsabs.harvard.edu/abs/1989icgp.book.....M},
  adsnote = {Provided by the SAO/NASA Astrophysics Data System}
}

@ARTICLE{melrya97,
   author = {{Melosh}, H.~J. and {Ryan}, E.~V.},
    title = "{NOTE: Asteroids: Shattered but Not Dispersed}",
  journal = {\icarus},
     year = 1997,
    month = oct,
   volume = 129,
    pages = {562-564},
      doi = {10.1006/icar.1997.5797},
   adsurl = {http://adsabs.harvard.edu/abs/1997Icar..129..562M},
  adsnote = {Provided by the SAO/NASA Astrophysics Data System}
}

@ARTICLE{melvic89,
   author = {{Melosh}, H.~J. and {Vickery}, A.~M.},
    title = "{Impact erosion of the primordial atmosphere of Mars}",
  journal = {\nat},
 keywords = {Atmospheric Density, Atmospheric Models, Impact Damage, Mars Atmosphere, Planetary Evolution, Computerized Simulation, Geomorphology, Water, MARS, ATMOSPHERE, IMPACT EFFECTS, EROSION, PRESSURE, MODELS, FLUX, BOMBARDMENT, CALCULATIONS, CLIMATE, HISTORY, VELOCITY, ESCAPE, IMPACTS, VAPOR, PARAMETERS, OUTGASSING, COMPOSITION, MASS, SIZE, TIMESCALE},
     year = 1989,
    month = apr,
   volume = 338,
    pages = {487-489},
      doi = {10.1038/338487a0},
   adsurl = {http://adsabs.harvard.edu/abs/1989Natur.338..487M},
  adsnote = {Provided by the SAO/NASA Astrophysics Data System}
}

@ARTICLE{micben04,
   author = {{Michel}, P. and {Benz}, W. and {Richardson}, D.~C.},
    title = "{Catastrophic disruption of asteroids and family formation: a review of numerical simulations including both fragmentation and gravitational reaccumulations}",
  journal = {\planss},
     year = 2004,
    month = oct,
   volume = 52,
    pages = {1109-1117},
      doi = {10.1016/j.pss.2004.07.008},
   adsurl = {http://adsabs.harvard.edu/abs/2004P%26SS...52.1109M},
  adsnote = {Provided by the SAO/NASA Astrophysics Data System}
}

@ARTICLE{mon05,
   author = {{Monaghan}, J.~J.},
    title = "{Smoothed particle hydrodynamics}",
  journal = {Reports on Progress in Physics},
     year = 2005,
    month = aug,
   volume = 68,
    pages = {1703-1759},
      doi = {10.1088/0034-4885/68/8/R01},
   adsurl = {http://adsabs.harvard.edu/abs/2005RPPh...68.1703M},
  adsnote = {Provided by the SAO/NASA Astrophysics Data System}
}

@ARTICLE{mongin83,
   author = {{Monaghan}, J.~J. and {Gingold}, R.~A.},
    title = "{Shock Simulation by the Particle Method SPH}",
  journal = {Journal of Computational Physics},
     year = 1983,
    month = nov,
   volume = 52,
    pages = {374-389},
      doi = {10.1016/0021-9991(83)90036-0},
   adsurl = {http://adsabs.harvard.edu/abs/1983JCoPh..52..374M},
  adsnote = {Provided by the SAO/NASA Astrophysics Data System}
}

@ARTICLE{morbot02,
   author = {{Morbidelli}, A. and {Bottke}, Jr., W.~F. and {Froeschl{\'e}}, C. and 
	{Michel}, P.},
    title = "{Origin and Evolution of Near-Earth Objects}",
  journal = {Asteroids III},
     year = 2002,
    pages = {409-422},
   adsurl = {http://adsabs.harvard.edu/abs/2002aste.conf..409M},
  adsnote = {Provided by the SAO/NASA Astrophysics Data System}
}

@ARTICLE{morlic12,
   author = {{Moreno}, F. and {Licandro}, J. and {Cabrera-Lavers}, A.},
    title = "{A Short-duration Event as the Cause of Dust Ejection from Main-Belt Comet P/2012 F5 (Gibbs)}",
  journal = {\apjl},
archivePrefix = "arXiv",
   eprint = {1211.2104},
 primaryClass = "astro-ph.EP",
 keywords = {comets: individual: P/2012 F5 (Gibbs), methods: numerical, minor planets, asteroids: individual: P/2012 F5 (Gibbs)},
     year = 2012,
    month = dec,
   volume = 761,
      eid = {L12},
    pages = {L12},
      doi = {10.1088/2041-8205/761/1/L12},
   adsurl = {http://adsabs.harvard.edu/abs/2012ApJ...761L..12M},
  adsnote = {Provided by the SAO/NASA Astrophysics Data System}
}

@ARTICLE{morlic10,
   author = {{Moreno}, F. and {Licandro}, J. and {Tozzi}, G.-P. and {Ortiz}, J.~L. and 
	{Cabrera-Lavers}, A. and {Augusteijn}, T. and {Liimets}, T. and 
	{Lindberg}, J.~E. and {Pursimo}, T. and {Rodr{\'{\i}}guez-Gil}, P. and 
	{Vaduvescu}, O.},
    title = "{Water-ice-driven Activity on Main-Belt Comet P/2010 A2 (LINEAR)?}",
  journal = {\apjl},
archivePrefix = "arXiv",
   eprint = {1006.5832},
 primaryClass = "astro-ph.EP",
 keywords = {comets: general, comets: individual: P/2010 A2, minor planets, asteroids: general},
     year = 2010,
    month = aug,
   volume = 718,
    pages = {L132-L136},
      doi = {10.1088/2041-8205/718/2/L132},
   adsurl = {http://adsabs.harvard.edu/abs/2010ApJ...718L.132M},
  adsnote = {Provided by the SAO/NASA Astrophysics Data System}
}

@ARTICLE{morlev05,
   author = {{Morbidelli}, A. and {Levison}, H.~F. and {Tsiganis}, K. and 
	{Gomes}, R.},
    title = "{Chaotic capture of Jupiter's Trojan asteroids in the early Solar System}",
  journal = {\nat},
     year = 2005,
    month = may,
   volume = 435,
    pages = {462-465},
      doi = {10.1038/nature03540},
   adsurl = {http://adsabs.harvard.edu/abs/2005Natur.435..462M},
  adsnote = {Provided by the SAO/NASA Astrophysics Data System}
}

@ARTICLE{nakmic07,
   author = {{Nakamura}, A.~M. and {Michel}, P. and {Setoh}, M.},
    title = "{Weibull parameters of Yakuno basalt targets used in documented high-velocity impact experiments}",
  journal = {Journal of Geophysical Research (Planets)},
 keywords = {Physical Properties of Rocks: Fracture and flow, Planetary Sciences: Solid Surface Planets: Impact phenomena, cratering (6022, 8136), Planetary Sciences: Comets and Small Bodies: Impact phenomena (5420, 8136)},
     year = 2007,
    month = feb,
   volume = 112,
      eid = {E02001},
    pages = {2001},
      doi = {10.1029/2006JE002757},
   adsurl = {http://adsabs.harvard.edu/abs/2007JGRE..112.2001N},
  adsnote = {Provided by the SAO/NASA Astrophysics Data System}
}

@ARTICLE{nouemo09,
   author = {{Nouda}, A. and {Emori}, H. and {Nakazawa}, K.},
    title = "{Collisions between protoplanets: data analysis and classification}",
  journal = {Earth, Planets, and Space},
     year = 2009,
    month = jun,
   volume = 61,
    pages = {779-796},
   adsurl = {http://adsabs.harvard.edu/abs/2009EP%26S...61..779N},
  adsnote = {Provided by the SAO/NASA Astrophysics Data System}
}

@ARTICLE{obrmor06,
   author = {{O'Brien}, D.~P. and {Morbidelli}, A. and {Levison}, H.~F.},
    title = "{Terrestrial planet formation with strong dynamical friction}",
  journal = {\icarus},
     year = 2006,
    month = sep,
   volume = 184,
    pages = {39-58},
      doi = {10.1016/j.icarus.2006.04.005},
   adsurl = {http://adsabs.harvard.edu/abs/2006Icar..184...39O},
  adsnote = {Provided by the SAO/NASA Astrophysics Data System}
}

@ARTICLE{phakar09,
   author = {{Pham}, L.~B.~S. and {Karatekin}, {\"O}. and {Dehant}, V.},
    title = "{Effects of Meteorite Impacts on the Atmospheric Evolution of Mars}",
  journal = {Astrobiology},
 keywords = {Impacts,  Mars,  Atmosphere,  Habitability,},
     year = 2009,
    month = feb,
   volume = 9,
    pages = {45-54},
      doi = {10.1089/ast.2008.0242},
   adsurl = {http://adsabs.harvard.edu/abs/2009AsBio...9...45P},
  adsnote = {Provided by the SAO/NASA Astrophysics Data System}
}

@incollection{piecol04,
year={2004},
isbn={978-3-642-07376-2},
booktitle={Cratering in Marine Environments and on Ice},
series={Impact Studies},
editor={Dypvik, Henning and Burchell, MarkJ. and Claeys, Philippe},
doi={10.1007/978-3-662-06423-8\_16},
title={A Brief Introduction to Hydrocode Modeling of Impact Cratering},
url={http://dx.doi.org/10.1007/978-3-662-06423-8\_16},
publisher={Springer Berlin Heidelberg},
author={Pierazzo, Elisabetta and Collins, Gareth},
pages={323-340},
language={English}
}

@ARTICLE{priros09,
   author = {{Prialnik}, D. and {Rosenberg}, E.~D.},
    title = "{Can ice survive in main-belt comets? Long-term evolution models of comet 133P/Elst-Pizarro}",
  journal = {\mnras},
 keywords = {comets: general , comets: individual: 133P/Elst-Pizarro},
     year = 2009,
    month = oct,
   volume = 399,
    pages = {L79-L83},
      doi = {10.1111/j.1745-3933.2009.00727.x},
   adsurl = {http://adsabs.harvard.edu/abs/2009MNRAS.399L..79P},
  adsnote = {Provided by the SAO/NASA Astrophysics Data System}
}

@ARTICLE{rakmai96,
   author = {{Rakos}, K.~D. and {Maindl}, T.~I. and {Schombert}, J.~M.},
    title = "{Photometric Signatures of Starbursts in Interacting Galaxies and the Butcher-Oemler Effect}",
  journal = {\apj},
   eprint = {astro-ph/9603047},
 keywords = {GALAXIES: EVOLUTION, PHOTOMETRY, GALAXIES: STARBURST},
     year = 1996,
    month = jul,
   volume = 466,
    pages = {122},
      doi = {10.1086/177497},
   adsurl = {http://adsabs.harvard.edu/abs/1996ApJ...466..122R},
  adsnote = {Provided by the SAO/NASA Astrophysics Data System}
}

@ARTICLE{raykok14,
   author = {{Raymond}, S.~N. and {Kokubo}, E. and {Morbidelli}, A. and {Morishima}, R. and 
	{Walsh}, K.~J.},
    title = "{Terrestrial Planet Formation at Home and Abroad}",
  journal = {Protostars and Planets VI},
archivePrefix = "arXiv",
   eprint = {1312.1689},
 primaryClass = "astro-ph.EP",
     year = 2014,
    pages = {595-618},
      doi = {10.2458/azu_uapress_9780816531240-ch026},
   adsurl = {http://adsabs.harvard.edu/abs/2014prpl.conf..595R},
  adsnote = {Provided by the SAO/NASA Astrophysics Data System}
}

@ARTICLE{rayobr09,
   author = {{Raymond}, S.~N. and {O'Brien}, D.~P. and {Morbidelli}, A. and 
	{Kaib}, N.~A.},
    title = "{Building the terrestrial planets: Constrained accretion in the inner Solar System}",
  journal = {\icarus},
archivePrefix = "arXiv",
   eprint = {0905.3750},
 primaryClass = "astro-ph.EP",
     year = 2009,
    month = oct,
   volume = 203,
    pages = {644-662},
      doi = {10.1016/j.icarus.2009.05.016},
   adsurl = {http://adsabs.harvard.edu/abs/2009Icar..203..644R},
  adsnote = {Provided by the SAO/NASA Astrophysics Data System}
}

@ARTICLE{rayqui04,
   author = {{Raymond}, S.~N. and {Quinn}, T. and {Lunine}, J.~I.},
    title = "{Making other earths: dynamical simulations of terrestrial planet formation and water delivery}",
  journal = {\icarus},
   eprint = {astro-ph/0308159},
     year = 2004,
    month = mar,
   volume = 168,
    pages = {1-17},
      doi = {10.1016/j.icarus.2003.11.019},
   adsurl = {http://adsabs.harvard.edu/abs/2004Icar..168....1R},
  adsnote = {Provided by the SAO/NASA Astrophysics Data System}
}

@ARTICLE{ricmic09,
   author = {{Richardson}, D.~C. and {Michel}, P. and {Walsh}, K.~J. and 
	{Flynn}, K.~W.},
    title = "{Numerical simulations of asteroids modelled as gravitational aggregates with cohesion}",
  journal = {\planss},
     year = 2009,
    month = feb,
   volume = 57,
    pages = {183-192},
      doi = {10.1016/j.pss.2008.04.015},
   adsurl = {http://adsabs.harvard.edu/abs/2009P%26SS...57..183R},
  adsnote = {Provided by the SAO/NASA Astrophysics Data System}
}

@INPROCEEDINGS{ricmun12,
   author = {{Richardson}, D.~C. and {Munyan}, S.~K. and {Schwartz}, S.~R. and 
	{Michel}, P.},
    title = "{Comparison of Discrete Element Methods for Simulating Low-Speed Rubble Pile Collisions: First Results}",
booktitle = {Lunar and Planetary Institute Science Conference Abstracts},
     year = 2012,
   series = {Lunar and Planetary Institute Science Conference Abstracts},
   volume = 43,
    month = mar,
      eid = {2195},
    pages = {2195},
   adsurl = {http://adsabs.harvard.edu/abs/2012LPI....43.2195R},
  adsnote = {Provided by the SAO/NASA Astrophysics Data System}
}

@ARTICLE{ricqui00,
   author = {{Richardson}, D.~C. and {Quinn}, T. and {Stadel}, J. and {Lake}, G.
	},
    title = "{Direct Large-Scale N-Body Simulations of Planetesimal Dynamics}",
  journal = {\icarus},
     year = 2000,
    month = jan,
   volume = 143,
    pages = {45-59},
      doi = {10.1006/icar.1999.6243},
   adsurl = {http://adsabs.harvard.edu/abs/2000Icar..143...45R},
  adsnote = {Provided by the SAO/NASA Astrophysics Data System}
}

@phdthesis{rie14,
  author	= {Riecker, S.~T.},
  title		= {GPU programming applied to Smoothed particle Hydrodynamics simulations of planetesimal collisions},
  type		= {Master Thesis},
  school	= {Eberhard-Karls-Universit{\"a}t T{\"u}bingen},
  year		= {2014}
}

@ARTICLE{ros09,
   author = {{Rosswog}, S.},
    title = "{Astrophysical smooth particle hydrodynamics}",
  journal = {\nar},
archivePrefix = "arXiv",
   eprint = {0903.5075},
 primaryClass = "astro-ph.IM",
     year = 2009,
    month = apr,
   volume = 53,
    pages = {78-104},
      doi = {10.1016/j.newar.2009.08.007},
   adsurl = {http://adsabs.harvard.edu/abs/2009NewAR..53...78R},
  adsnote = {Provided by the SAO/NASA Astrophysics Data System}
}

@INBOOK{ryd00,
   author = {{Ryder}, G. and {Koeberl}, C. and {Mojzsis}, S.~J.},
    title = "{Heavy Bombardment on the Earth at \~{}3.85 Ga: The Search for Petrographic and Geochemical Evidence}",
booktitle = {Origin of the Earth and Moon},
     year = 2000,
   editor = {{Canup}, R.~M. and {Righter}, K. and {et al.}},
    pages = {475-492},
   adsurl = {http://adsabs.harvard.edu/abs/2000orem.book..475R},
  adsnote = {Provided by the SAO/NASA Astrophysics Data System}
}

@ARTICLE{ryd02,
   author = {{Ryder}, G.},
    title = "{Mass flux in the ancient Earth-Moon system and benign implications for the origin of life on Earth}",
  journal = {Journal of Geophysical Research (Planets)},
 keywords = {Planetary Sciences: Impact phenomena (includes cratering), Planetary Sciences: Origin and evolution, Planetary Sciences: Surface materials and properties, Planetary Sciences: General or miscellaneous,},
     year = 2002,
    month = apr,
   volume = 107,
      eid = {5022},
    pages = {5022},
      doi = {10.1029/2001JE001583},
   adsurl = {http://adsabs.harvard.edu/abs/2002JGRE..107.5022R},
  adsnote = {Provided by the SAO/NASA Astrophysics Data System}
}

@phdthesis{sch05,
  author	= {{Sch{\"a}fer}, C.},
  title		= {Application of Smooth Particle Hydrodynamics to selected aspects of planet formation},
  type		= {Dissertation},
  school	= {Eberhard-Karls-Universit{\"a}t T{\"u}bingen},
  year		= {2005}
}

@ARTICLE{sch08,
   author = {{Schorghofer}, N.},
    title = "{The Lifetime of Ice on Main Belt Asteroids}",
  journal = {\apj},
 keywords = {Astrobiology, Comets: General, Minor Planets, Asteroids},
     year = 2008,
    month = jul,
   volume = 682,
    pages = {697-705},
      doi = {10.1086/588633},
   adsurl = {http://adsabs.harvard.edu/abs/2008ApJ...682..697S},
  adsnote = {Provided by the SAO/NASA Astrophysics Data System}
}

@ARTICLE{schspe04,
   author = {{Sch{\"a}fer}, C. and {Speith}, R. and {Hipp}, M. and {Kley}, W.
	},
    title = "{Simulations of planet-disc interactions using Smoothed Particle Hydrodynamics}",
  journal = {\aap},
   eprint = {astro-ph/0401425},
 keywords = {accretion, accretion discs, hydrodynamics, methods: numerical, stars: formation, stars: planetary systems},
     year = 2004,
    month = apr,
   volume = 418,
    pages = {325-335},
      doi = {10.1051/0004-6361:20034034},
   adsurl = {http://adsabs.harvard.edu/abs/2004A%26A...418..325S},
  adsnote = {Provided by the SAO/NASA Astrophysics Data System}
}

@ARTICLE{schspe07,
   author = {{Sch{\"a}fer}, C. and {Speith}, R. and {Kley}, W.},
    title = "{Collisions between equal-sized ice grain agglomerates}",
  journal = {\aap},
archivePrefix = "arXiv",
   eprint = {0705.2672},
 keywords = {planetary systems: formation, planetary systems:, protoplanetary disks},
     year = 2007,
    month = aug,
   volume = 470,
    pages = {733-739},
      doi = {10.1051/0004-6361:20077354},
   adsurl = {http://adsabs.harvard.edu/abs/2007A%26A...470..733S},
  adsnote = {Provided by the SAO/NASA Astrophysics Data System}
}

@ARTICLE{shetru14,
   author = {{Sheppard}, S. and {Trujillo}, C.},
    title = "{Discovery and Characteristics of the Rapidly Rotating Active Asteroid (62412) 2000 SY178 in the Main Belt}",
  journal = {ArXiv e-prints},
archivePrefix = "arXiv",
   eprint = {1410.1528},
 primaryClass = "astro-ph.EP",
 keywords = {Astrophysics - Earth and Planetary Astrophysics, Astrophysics - Solar and Stellar Astrophysics},
     year = 2014,
    month = oct,
   adsurl = {http://adsabs.harvard.edu/abs/2014arXiv1410.1528S},
  adsnote = {Provided by the SAO/NASA Astrophysics Data System}
}

@INPROCEEDINGS{shuart01,
   author = {{Shuvalov}, V.~V. and {Artemieva}, N.~A.},
    title = "{Atmosheric Erosion and Radiation Impulse Induced by Impacts}",
booktitle = {Catastrophic Events and Mass Extinctions: Impacts and Beyond},
     year = 2001,
    month = may,
    pages = {3060},
   adsurl = {http://adsabs.harvard.edu/abs/2001caev.conf.3060S},
  adsnote = {Provided by the SAO/NASA Astrophysics Data System}
}

@ARTICLE{sul13,
   author = {{S{\"u}li}, {\'A}.},
    title = "{SOLARIS: Software for planet formation and orbital integrations}",
  journal = {Astronomische Nachrichten},
 keywords = {celestial mechanics, stellar dynamics, methods: N-body simulations, methods: numerical, planets and satellites: formation},
     year = 2013,
    month = nov,
   volume = 334,
    pages = {1000},
      doi = {10.1002/asna.201311980},
   adsurl = {http://adsabs.harvard.edu/abs/2013AN....334.1000S},
  adsnote = {Provided by the SAO/NASA Astrophysics Data System}
}

@ARTICLE{sve07,
   author = {{Svetsov}, V.~V.},
    title = "{Atmospheric erosion and replenishment induced by impacts of cosmic bodies upon the Earth and Mars}",
  journal = {Solar System Research},
 keywords = {96.12.je, 96.12.ke},
     year = 2007,
    month = feb,
   volume = 41,
    pages = {28-41},
      doi = {10.1134/S0038094607010030},
   adsurl = {http://adsabs.harvard.edu/abs/2007SoSyR..41...28S},
  adsnote = {Provided by the SAO/NASA Astrophysics Data System}
}

@TECHREPORT{til62,
  AUTHOR =        {{Tillotson}, J.~H.},
  TITLE =         {Metallic Equations of State for Hypervelocity Impact},
  NUMBER =        {General Atomic Report GA-3216},
  INSTITUTION =   {General Dynamics},
  ADDRESS =       {San Diego, CA},
  KEYWORDS =      {},
  NOTE =          {},
  MONTH =         {},
  YEAR  =         {1962},
  AUTHOR1_URL =   {},
  AUTHOR1_EMAIL = {},
  AUTHOR2_URL =   {},
  AUTHOR2_EMAIL = {},
  PAGES =         {},
  FILE  =         {},
  URL   =         {},
  CONTACT =       {}
}

@ARTICLE{tsigom05,
   author = {{Tsiganis}, K. and {Gomes}, R. and {Morbidelli}, A. and {Levison}, H.~F.
	},
    title = "{Origin of the orbital architecture of the giant planets of the Solar System}",
  journal = {\nat},
     year = 2005,
    month = may,
   volume = 435,
    pages = {459-461},
      doi = {10.1038/nature03539},
   adsurl = {http://adsabs.harvard.edu/abs/2005Natur.435..459T},
  adsnote = {Provided by the SAO/NASA Astrophysics Data System}
}

@ARTICLE{vic90,
   author = {{Vickery}, A.~M.},
    title = "{Impacts and Atmospheric Erosion on the Early Earth}",
  journal = {LPI Contributions},
     year = 1990,
    month = sep,
   volume = 746,
    pages = {51},
   adsurl = {http://adsabs.harvard.edu/abs/1990LPICo.746...51V},
  adsnote = {Provided by the SAO/NASA Astrophysics Data System}
}

@ARTICLE{walmor11,
   author = {{Walsh}, K.~J. and {Morbidelli}, A. and {Raymond}, S.~N. and 
	{O'Brien}, D.~P. and {Mandell}, A.~M.},
    title = "{A low mass for Mars from Jupiter's early gas-driven migration}",
  journal = {\nat},
archivePrefix = "arXiv",
   eprint = {1201.5177},
 primaryClass = "astro-ph.EP",
     year = 2011,
    month = jul,
   volume = 475,
    pages = {206-209},
      doi = {10.1038/nature10201},
   adsurl = {http://adsabs.harvard.edu/abs/2011Natur.475..206W},
  adsnote = {Provided by the SAO/NASA Astrophysics Data System}
}

@ARTICLE{wei39,
   author = {{Weibull}, W.~A.},
    title = "",
  journal = "{Ingvetensk. Akad. Handl.}",
     year = 1939,
   volume = 151,
    pages = {5}
}

@ARTICLE{wei77,
   author = {{Weidenschilling}, S.~J.},
    title = "{The distribution of mass in the planetary system and solar nebula}",
  journal = {\apss},
 keywords = {Astronomical Models, Mass Distribution, Planetary Composition, Planetary Mass, Solar System, Asteroids, Cosmology, Nebulae, Space Density},
     year = 1977,
    month = sep,
   volume = 51,
    pages = {153-158},
      doi = {10.1007/BF00642464},
   adsurl = {http://adsabs.harvard.edu/abs/1977Ap%26SS..51..153W},
  adsnote = {Provided by the SAO/NASA Astrophysics Data System}
}

@incollection{wya09,
year={2009},
isbn={978-3-540-76934-7},
booktitle={Small Bodies in Planetary Systems},
volume={758},
series={Lecture Notes in Physics},
editor={Mann, Ingrid and Nakamura, Akiko and Mukai, Tadashi},
doi={10.1007/978-3-540-76935-4\_2},
title={Dynamics of Small Bodies in Planetary Systems},
url={http://dx.doi.org/10.1007/978-3-540-76935-4\_2},
publisher={Springer Berlin Heidelberg},
author={Wyatt, M.C.},
pages={1-34},
language={English}
}



@ARTICLE{2005MNRAS.364.1105S,
   author = {{Springel}, V.},
    title = "{The cosmological simulation code GADGET-2}",
  journal = {\mnras},
   eprint = {astro-ph/0505010},
 keywords = {methods: numerical, galaxies: interactions, dark matter},
     year = 2005,
    month = dec,
   volume = 364,
    pages = {1105-1134},
      doi = {10.1111/j.1365-2966.2005.09655.x},
   adsurl = {http://adsabs.harvard.edu/abs/2005MNRAS.364.1105S},
  adsnote = {Provided by the SAO/NASA Astrophysics Data System}
}


@article{vonmises1913,
    author = {{von Mises}, R.},
    title = "{Mechanik der festen Körper im plastisch deformablen Zustand}",
    journal = "{Göttin. Nachr. Math. Phys.}",
    year = 1913,
    volume = 1,
    pages = {582-592}
}



@ARTICLE{2006Icar..180..514W,
   author = {{W{\"u}nnemann}, K. and {Collins}, G.~S. and {Melosh}, H.~J.
	},
    title = "{A strain-based porosity model for use in hydrocode simulations of impacts and implications for transient crater growth in porous targets}",
  journal = {\icarus},
     year = 2006,
    month = feb,
   volume = 180,
    pages = {514-527},
      doi = {10.1016/j.icarus.2005.10.013},
   adsurl = {http://adsabs.harvard.edu/abs/2006Icar..180..514W},
  adsnote = {Provided by the SAO/NASA Astrophysics Data System}
}



@ARTICLE{2009Icar..204..716E,
   author = {{Elbeshausen}, D. and {W{\"u}nnemann}, K. and {Collins}, G.~S.
	},
    title = "{Scaling of oblique impacts in frictional targets: Implications for crater size and formation mechanisms}",
  journal = {\icarus},
     year = 2009,
    month = dec,
   volume = 204,
    pages = {716-731},
      doi = {10.1016/j.icarus.2009.07.018},
   adsurl = {http://adsabs.harvard.edu/abs/2009Icar..204..716E},
  adsnote = {Provided by the SAO/NASA Astrophysics Data System}
}


@ARTICLE{2009P&SS...57..127H,
   author = {{Holsapple}, K.~A.},
    title = "{On the {\ldquo}strength{\rdquo} of the small bodies of the solar system: A review of strength theories and their implementation for analyses of impact disruptions}",
  journal = {\planss},
     year = 2009,
    month = feb,
   volume = 57,
    pages = {127-141},
      doi = {10.1016/j.pss.2008.05.015},
   adsurl = {http://adsabs.harvard.edu/abs/2009P%26SS...57..127H},
  adsnote = {Provided by the SAO/NASA Astrophysics Data System}
}


@ARTICLE{2015P&SS..107....3J,
   author = {{Jutzi}, M.},
    title = "{SPH calculations of asteroid disruptions: The role of pressure dependent failure models}",
  journal = {\planss},
archivePrefix = "arXiv",
   eprint = {1502.01860},
 primaryClass = "astro-ph.EP",
 keywords = {Asteroids, Collisions, Collisional physics},
     year = 2015,
    month = mar,
   volume = 107,
    pages = {3-9},
      doi = {10.1016/j.pss.2014.09.012},
   adsurl = {http://adsabs.harvard.edu/abs/2015P%26SS..107....3J},
  adsnote = {Provided by the SAO/NASA Astrophysics Data System}
}

@article{MCGLAUN1990351,
title = "CTH: A three-dimensional shock wave physics code",
journal = "International Journal of Impact Engineering",
volume = "10",
number = "1",
pages = "351 - 360",
year = "1990",
note = "",
issn = "0734-743X",
doi = "http://dx.doi.org/10.1016/0734-743X(90)90071-3",
url = "http://www.sciencedirect.com/science/article/pii/0734743X90900713",
author = "J.M. McGlaun and S.L. Thompson and M.G. Elrick",

}




@article{Collins_2011,
author = {Collins, GS and Melosh, HJ and W{\"u}nnemann, K},
doi = {10.1016/j.ijimpeng.2010.10.013},
journal = {International Journal of Impact Engineering},
pages = {434--439},
title = {Improvements to the epsilon-alpha porous compaction model for simulating impacts into high-porosity solar system objects},
url = {http://dx.doi.org/10.1016/j.ijimpeng.2010.10.013},
volume = {38},
year = {2011}
}

@ARTICLE{1991Icar...92..132N,
   author = {{Nakamura}, A. and {Fujiwara}, A.},
    title = "{Velocity distribution of fragments formed in a simulated collisional disruption}",
  journal = {\icarus},
 keywords = {Collision Parameters, Fragments, Planetary Evolution, Velocity Distribution, Aluminum Oxides, Basalt, Catastrophe Theory, Kinetic Energy},
     year = 1991,
    month = jul,
   volume = 92,
    pages = {132-146},
      doi = {10.1016/0019-1035(91)90040-Z},
   adsurl = {http://adsabs.harvard.edu/abs/1991Icar...92..132N},
  adsnote = {Provided by the SAO/NASA Astrophysics Data System}
}


@article{Johnson2014347,
title = "Formation of melt droplets, melt fragments, and accretionary impact lapilli during a hypervelocity impact ",
journal = "Icarus ",
volume = "228",
number = "",
pages = "347 - 363",
year = "2014",
note = "",
issn = "0019-1035",
doi = "http://dx.doi.org/10.1016/j.icarus.2013.10.022",
url = "http://www.sciencedirect.com/science/article/pii/S001910351300451X",
author = "B.C. Johnson and H.J. Melosh",
keywords = "Impact processes",
keywords = "Cratering",
keywords = "Earth ",
abstract = "Abstract We present a model that describes the formation of melt droplets, melt fragments, and accretionary impact lapilli during a hypervelocity impact. Using the iSALE hydrocode, coupled to the \{ANEOS\} equation of state for silica, we create high-resolution two-dimensional impact models to track the motion of impact ejecta. We then estimate the size of the ejecta products using simple analytical expressions and information derived from our hydrocode models. Ultimately, our model makes predictions of how the size of the ejecta products depends on impactor size, impact velocity, and ejection velocity. In general, we find that larger impactor sizes result in larger ejecta products and higher ejection velocities result in smaller ejecta product sizes. We find that a 10 km diameter impactor striking at a velocity of 20 km/s creates millimeter scale melt droplets comparable to the melt droplets found in the Chicxulub ejecta curtain layer. Our model also predicts that melt droplets, melt fragments, and accretionary impact lapilli should be found together in well preserved ejecta curtain layers and that all three ejecta products can form even on airless bodies that lack significant volatile content. This prediction agrees with observations of ejecta from the Sudbury and Chicxulub impacts as well as the presence of accretionary impact lapilli in lunar breccia. "
}

